3196 4792
1335 202 1374 262 35

339 370 565 455 καταρρινῶ
588 375 666 445 limo,
689 371 792 452 Suppl
809 377 884 435 755:
907 353 1104 453 εὑρήσουσιν
1126 363 1163 430 έν
1177 365 1375 451 μεσημβρίας

253 468 380 538 θάλπει
411 473 558 556 βραχίον’
587 463 624 536 εὖ
653 469 967 555 κατερρινημένους,
999 474 1049 535 ubi
1080 473 1268 552 amplificatio
1290 472 1374 533 verbi

253 581 393 659 simplicis
425 580 541 655 adiecto
576 579 718 640 adverbio
752 564 789 637 εὖ
821 579 929 639 effecta
961 582 1035 638 crat.
1081 576 1213 655 Simplex
1242 577 1376 638 similiter

254 688 418 760 usurpatur
432 683 497 743 Ael.
512 703 541 742 n.
555 701 582 742 a.
598 685 627 759 6,
642 685 673 743 3:
696 666 716 760 ή
740 668 863 759 ἄρκτος
885 669 1016 758 τρόπον
1037 668 1113 738 τινά
1127 668 1190 760 τήν
1205 668 1274 755 ἕξιν
1289 670 1375 760 ῥινᾷ.

339 796 598 881 καταστρέφω
621 806 773 877 converto,
794 801 877 860 Pers.
894 804 967 862 789:
990 806 1053 859 ποι
1066 793 1308 879 καταστρέφεις
1323 790 1377 857 λό-

254 922 326 986 γων
347 895 518 986 τελευτήν;

322 1015 629 1102 ’καταψεκάζω*
652 1042 831 1101 conspergo,
861 1025 966 1100 Agam.
992 1026 1066 1084 566:
1097 1015 1131 1099 ἐξ
1162 1006 1311 1102 οάρανοῦ
1341 1016 1377 1083 δὲ

256 1117 346 1189 κάπδ
371 1126 431 1208 γῆς
447 1119 619 1207 λειμώνιαι
634 1118 750 1206 δρόσοι
764 1121 998 1204 κατεφέκοιζον
1014 1117 1159 1204 έμπεδον
1173 1121 1266 1197 σίνος
1280 1118 1378 1207 έσδη-

255 1222 380 1311 μάτων.
424 1231 669 1292 Schneidewinus
692 1230 827 1290 adnotat:
861 1222 1110 1306 ,κατεψέκαζον
1131 1230 1204 1307 geht
1224 1229 1304 1289 bloss
1327 1229 1381 1289 aul

256 1335 314 1395 den
330 1333 544 1412 Hauptbagriff
562 1324 598 1409 ἐξ
614 1320 765 1409 ούρανοῦ
781 1330 904 1408 curilck,
926 1349 1044 1391 woraus
1060 1332 1109 1391 ein
1124 1331 1379 1409 entsprechendes

256 1438 387 1497 Verbum
410 1455 446 1496 zu
471 1421 539 1494 άπδ
562 1431 621 1516 γῆς
643 1433 724 1512 λειμ.
747 1453 783 1495 nu
807 1432 928 1495 denken
951 1436 1029 1495 nahe
1045 1431 1147 1512 liegt“.
1184 1433 1279 1510 Igitur
1294 1453 1378 1510 prae·

256 1537 410 1616 positionis
443 1526 529 1596 κατά
560 1538 711 1614 propriam
743 1538 895 1597 notionem
929 1535 1053 1597 localem
1088 1536 1253 1613 composito
1274 1530 1377 1597 'verbo

256 1644 354 1702 inesse
376 1645 493 1717 censet,
519 1640 570 1700 sed
594 1639 667 1699 illud
697 1657 824 1718 zeugma
846 1640 897 1699 vix
919 1657 1007 1716 posse
1030 1638 1151 1700 delendi
1174 1658 1240 1700 cnm
1262 1639 1380 1700 Keckio

257 1749 343 1821 puto:
368 1744 394 1804 is
417 1744 494 1805 enim
518 1742 682 1819 simplicius
705 1746 735 1802 et
755 1743 866 1802 rectius
889 1743 1015 1819 simplex
1037 1732 1205 1819 φεκάζειν,
1232 1742 1313 1819 quod
1335 1742 1380 1802 in·

256 1847 411 1906 transitive
426 1845 543 1920 dicitur,
560 1843 595 1903 oi.
607 1843 759 1919 Aristoph.
771 1843 841 1903 nub.
854 1845 916 1904 580
932 1862 956 1902 e.
971 1862 1003 1923 s,
1018 1843 1233 1921 compositione
1249 1845 1380 1905 evasisse

258 1945 477 2020 transitivum¹l
507 1948 590 2018 dicit,
622 1946 933 2008 eiplacuisset:
963 1935 1024 2005 τδν
1054 1932 1181 2024 άγοντοι
1210 1934 1296 2023 πρδς
1318 1933 1381 2029 τήν

259 2039 443 2110 κατάλυσιν
472 2045 535 2108 τοῦ
564 2042 725 2123 βασιλέως
756 2037 932 2108 στενωπδν
961 2039 1117 2127 ἐλαφρῶς
1145 2045 1194 2127 τῷ
1216 2038 1381 2127 φαρμάκῳ

258 2147 500 2231 κατεψέκαζον.
545 2132 610 2211 Ηοο
633 2157 731 2210 autem
746 2143 887 2227 Aeschyli
910 2152 976 2211 loco
1000 2140 1145 2229 έμπεδον
1168 2145 1260 2221 σίνος
1282 2145 1381 2231 ἐσθη-

258 2243 376 2333 μάτων
398 2249 453 2331 (ita
477 2247 615 2330 Weilius)
637 2271 692 2329 pro
724 2252 840 2317 obiecto
871 2253 1041 2314 habendum
1072 2259 1125 2314 est.
1168 2253 1281 2314 Similia
1310 2259 1381 2314 sunt

259 2357 345 2416 haec:
373 2354 464 2433 Soph.
478 2355 547 2415 Ant.
565 2357 638 2416 793:
661 2360 771 2425 νεῖκος
795 2397 851 2412 ...
873 2343 1017 2432 ταράξας
1038 2347 1164 2433 (,Stre1t
1187 2355 1283 2415 durch
1306 2356 1380 2416 Ver·-

260 2460 390 2536 wirrnng
413 2455 655 2535 hervorrulen“)‚
676 2447 831 2534 πδλεμον
853 2446 1030 2536 ταράσσειν
1053 2451 1142 2536 (Plat.
1165 2458 1203 2518 dc
1224 2458 1375 2535 republtl

259 2582 288 2640 p.
308 2558 432 2639 utun),
465 2550 601 2640 εἰρήνην
629 2550 825 2638 πρεσβεύειν
858 2555 1146 2637 (Isocr.4,177c),
1180 2560 1268 2619 etiam
1300 2559 1380 2636 apud

259 2667 419 2727 Homerum
443 2654 557 2744 λώβην
578 2646 726 2743 ὑβρίζειν
748 2662 816 2736 (Οδ.
833 2660 977 2741 20,169).

345 2776 557 2860 καταυχοδ*
587 2782 727 2860 superbio
737 2780 770 2860 ²),
799 2783 882 2841 Pers.
906 2784 981 2844 355:
1020 2771 1145 2862 πλήθει
1174 2766 1384 2863 καταυχήσας

260 2883 358 2959 νεῶν,
382 2885 758 2964 cl.llu1·.lph.Aul.412:
782 2872 944 2962 σκήπτρῳ
967 2879 1031 2942 νῦν
1053 2869 1154 2962 αὔχει.

346 2997 515 3065 κάτοιδα
536 3005 695 3083 perspicio.

347 3108 494 3170 Omnibus
516 3109 588 3169 locis
602 3105 780 3185 Aeschyleis
803 3109 940 3168 consulto
964 3108 1157 3184 compositum
1180 3125 1237 3186 pro
1257 3109 1382 3186 simplici

262 3212 393 3288 positum
416 3229 482 3272 esse
505 3211 637 3271 videtur:

348 3316 453 3391 Agam.
468 3318 500 3375 4:
516 3298 651 3392 άστρων
665 3301 806 3371 κάτοιδα
821 3305 995 3387 νυκτέρων
1011 3294 1183 3394 ὁμήγυριν.
1211 3315 1294 3375 Para.
1310 3319 1384 3377 746:

262 3423 340 3488 παῖς
362 3411 390 3475 δ’
404 3407 480 3495 έμδς
494 3406 568 3476 τάδ’
589 3414 640 3490 (ct.
654 3434 682 3476 v.
699 3419 759 3477 741
783 3420 813 3475 ot
836 3413 909 3488 744]
932 3400 974 3475 οὗ
994 3407 1154 3488 κατειδοδς
1175 3406 1298 3498 ήνυσεν
1319 3412 1385 3497 νέω

263 3509 396 3599 θράσει,
427 3520 477 3579 ubi
501 3518 675 3579 Schuetciua
705 3519 869 3579 ve1·bivim
900 3523 982 3579 recte
1012 3521 1174 3599 perspexit,
1201 3539 1268 3581 cum
1295 3522 1386 3583 vertit

268 3622 361 3702 ,haec
384 3640 443 3681 non
467 3621 538 3681 satis
561 3621 642 3699 apud
665 3622 794 3682 animum
818 3618 993 3699 reputans“.

350 3842 372 3904 ¹)
389 3835 426 3894 cf.
437 3836 599 3893 Klihnernm
618 3836 634 3907 ξ
647 3840 705 3899 409,
719 3841 743 3892 8.

350 3926 375 3992 ⁸)
392 3922 512 3978 Todtlus
537 3924 555 3977 1.
573 3923 590 3978 l.
613 3937 641 3990 p.
660 3927 693 3977 49
716 3922 801 3976 vertit
827 3922 924 3992 „quasi
948 3922 983 3978 (le
1005 3923 1150 3992 superiore
1168 3925 1231 3980 loco
1247 3927 1387 3995 gloriari“.

264 4010 325 4079 ligo
343 4008 456 4076 quidam
474 4013 568 4077 putem
585 4007 770 4076 compositum
787 4008 995 4076 praepositione
1007 4008 1112 4078 aliquid
1125 4010 1220 4079 augeri
1230 4012 1388 4070 etintendi.

264 4092 424 4163 Utcumque
441 4099 533 4148 autom
551 4093 719 4162 iudicamus,
736 4093 906 4161 praepositio
923 4108 974 4162 por
991 4107 1022 4148 ao
1038 4108 1095 4148 non
1110 4097 1266 4151 necessaria
1277 4097 1389 4153 videtur

264 4194 336 4249 ease,
356 4195 419 4234 cum
436 4178 554 4249 simplex
572 4179 681 4234 cononi
700 4179 881 4248 superbiendi
899 4195 1015 4247 prorsus
1032 4181 1197 4237 satisfaciat.

1234 4284 1267 4339 3*
