3196 4792
259 201 302 275 1⁸

344 365 405 428 Sed
445 371 477 426 ut
513 366 551 426 ad
585 366 766 443 Aeschylum
805 373 954 441 revertar,
991 371 1083 446 magis
1120 371 1210 431 dubia
1243 370 1383 432 videntur

180 501 183 505 v
262 482 327 531 4444
350 469 437 531 haec:

348 588 446 649 Prom
473 591 548 649 270:
582 573 639 664 ἀφ’
669 571 711 648 οὗ
745 606 780 667 γε
811 578 942 659 πολλάς
974 582 1224 673 ἐκμαθήσονται
1257 587 1381 670 τέχνας.

263 690 321 769 444.
336 694 408 769 300,
425 696 458 752 1;
481 684 576 768 γένος
597 684 659 768 μὲν
681 684 789 750 αἰνεῖν
809 682 970 770 ἐκμαθών
991 685 1177 772 ἐπίσταμαι.

345 812 384 871 14.
421 812 615 889 compositum
638 812 790 889 propriam
812 811 960 889 quandam
984 812 1042 872 vim
1066 814 1167 876 habet:

344 916 445 975 Prom.
461 918 535 976 731:
563 903 645 984 τούς
666 902 766 991 ἐμούς
789 904 912 992 λόγους
934 912 1035 994 θυμῷ
1056 900 1139 991 βάλ’,
1170 900 1218 988 ὦς
1247 903 1290 976 ἂν
1311 912 1383 997 τέρ-

258 1002 335 1095 ματ’
354 1006 503 1095 ἐκμάθῃς
525 999 626 1076 όδοῦι
647 1018 845 1077 Prometheus
860 1016 891 1076 id
907 1018 977 1095 agit,
1000 1024 1033 1078 ut
1049 1020 1080 1079 Io
1096 1020 1217 1097 penitus
1232 1021 1384 1098 cognitam

261 1117 369 1180 habeat
390 1119 481 1196 viam3
498 1120 705 1196 'quamobrem
729 1118 802 1179 facit
823 1118 1053 1197 descriptionem
1076 1118 1329 1200 accuratissimam
1353 1130 1382 1184 et

260 1222 394 1300 graviter
416 1221 565 1299 admonet,
587 1224 624 1281 ut
642 1222 678 1282 Jo
701 1223 829 1282 animum
853 1219 997 1282 attendat.

344 1344 427 1402 Pers
449 1344 523 1404 233:
555 1325 740 1399 κεῖνοδέ
725 1332 886 1418 ἐκμαθεῖν
915 1334 1019 1408 θέλω,
1048 1320 1199 1420 οἶιφίλοι,
1229 1340 1300 1402 πού
1314 1333 1382 1415 τάς

255 1430 393 1526 Ἀθήνας
415 1438 518 1520 φασὶν
541 1434 700 1523 ἱδρῦσθαι
719 1433 855 1520 χθονός.

276 1637 278 1640 ⁴
345 1555 582 1641 ἐκμαρτυρῶ
598 1567 701 1640 444444,
724 1541 1164 1637 commentationesque
1179 1549 1381 1645 άγρεύματα)

262 1662 419 1743 λουτρῶν
440 1655 652 1776 ἐξεμαρτύρει
674 1655 794 1740 φόνον,
819 1665 856 1725 44.
872 1666 969 1726 iocum
992 1665 1171 1729 simillimum
1193 1668 1381 1731 cholcos:

259 1774 422 1847 μαρτυρεῖ
442 1761 479 1826 δέ
499 1783 557 1845 μοι
579 1763 688 1844 φᾶρος
709 1751 840 1841 τόδΗ,
815 1785 861 1839 οος
884 1758 1010 1846 ἐβαψεν
1033 1761 1200 1846 Αἰγίσθου
1223 1759 1337 1846 φόνος.

343 1884 470 1946 Accedit
493 1884 919 1962 444444444444444414444444444
940 1868 1155 1962 Ας4444.1195;
1178 1876 1382 1968 ἐκμαρτύρη-

260 2000 322 2048 οον
343 1973 539 2066 προύμόοας
561 1978 601 2046 τό
614 2004 645 2065 μ
647 1972 801 2046 ἐἰδέναι
823 1974 915 2066 λόγῳ
936 1978 1083 2058 παλαιάς
1104 1983 1207 2047 τῶνδ’
1222 1971 1382 2067 ἁμαρτίας

253 2078 385 2181 δόμων.
427 2083 625 2168 4444444444)
648 2090 759 2153 tradita
780 2091 908 2152 44444444
930 2092 1044 2151 4444444
1065 2092 1235 2169 Dobraeum
1260 2098 1382 2153 4444444

259 2176 399 2266 (44444444.
415 2194 477 2252 4444.
495 2193 548 2269 ΙΙΙ,
570 2211 598 2269 p.
614 2195 654 2254 23
671 2176 718 2252 ed.
735 2172 889 2270 Wagner.)
912 2184 1054 2253 scribut
1056 2210 1115 2252 ..ιι
1131 2182 1237 2275 τὸμὴ
1260 2186 1382 2253 εἰδέναι
1405 2257 1408 2261 ,

260 2315 328 2374 eq.
345 2315 375 2372 4.,
398 2299 427 2356 44
450 2313 552 2355 vocem
576 2287 795 2391 ἐκμαρτυρεῑν
818 2296 939 2386 proprio
963 2313 1052 2356 sensu
1076 2295 1207 2356 iudiciali
1237 2297 1382 2373 interpre-

260 2397 382 2459 4444444444
405 2404 472 2459 case
494 2401 610 2472 444444,
633 2399 651 2458 4.
667 2416 705 2459 e:
738 2399 859 2470 „testari
882 2417 937 2474 pro
968 2399 1081 2476 aliquo,
1113 2400 1164 2475 qui
1194 2399 1297 2459 morbo
1330 2404 1383 2460 aut

259 2488 323 2562 aliis
345 2502 487 2580 gravibus
510 2502 610 2561 causis
633 2501 801 2578 prohibitus
816 2505 862 2561 444
876 2500 1010 2562 testari“.
1016 2496 1042 2574 4)
1085 2501 1189 2578 ltaque
1205 2500 1383 2581 Cassandra,

260 2623 325 2665 cum
350 2606 473 2664 chorum
503 2593 729 2681 ἐκμαρτυρίαν
759 2604 905 2677 praebere
934 2603 1050 2680 iubeat,
1083 2604 1149 2680 ipsa
1182 2608 1227 2664 444
1247 2593 1383 2682 μάρτυς,

260 2707 278 2766 4.
301 2725 327 2767 e.
357 2707 422 2784 ipsa
451 2703 526 2764 vidit
556 2724 633 2782 quae
664 2703 761 2777 44444)
805 2704 864 2765 Sed
895 2707 924 2765 in
956 2686 1013 2765 hac
1039 2705 1286 2782 interpretatione
1309 2705 1382 2765 illud

261 2809 373 2889 potius
384 2806 681 2884 animadvertendum
706 2812 780 2884 4444,
802 2807 1000 2869 Cassandram
1021 2825 1083 2866 44444
1106 2806 1136 2867 in
1160 2808 1256 2866 maias
1275 2807 1383 2878 4444444

261 2929 359 2987 neque
381 2911 503 2988 propria
526 2929 565 2970 no
567 2911 648 2970 tione
671 2911 793 2971 verbum
818 2911 947 2987 positum
971 2927 1052 2981 esse,
1081 2909 1135 2970 sed
1166 2911 1315 2970 translata
1344 2928 1381 2970 ex

253 3031 314 3083 usu
337 3011 521 3073 iudiciorum.
558 3012 676 3073 Deinde
699 3031 770 3073 4444
792 3013 951 3075 lectionem
974 3013 1156 3090 propositam
1179 3012 1298 3072 omnino
1321 3029 1381 3072 non

260 3113 410 3192 quadrare
432 3115 468 3174 ad
493 3120 545 3175 not
547 3115 644 3175 ionem
668 3097 751 3193 verbi
775 3101 997 3261 ἐκμαρτυρεῑν
1019 3132 1071 3174 444
1072 3113 1184 3209 tissime
1200 3113 1381 3174 demonstra·

346 3311 368 3382 1)
384 3311 555 3381 Philologus,
573 3310 714 3383 Supplom.
726 3309 749 3375 1,
767 3325 794 3378 p.
806 3314 865 3364 626.

345 3398 369 3464 4)
388 3394 475 3452 schol.
488 3395 524 3450 ad
537 3393 672 3451 Aeschin.
683 3411 712 3448 π.
724 3407 835 3466 napum.
850 3398 895 3448 19:
913 3385 930 3463 ἡ
948 3398 1001 3448 τοῦ
1018 3387 1057 3462 μὴ
1075 3383 1220 3463 παρόντος
1236 3391 1382 3465 μαρτυρία

259 3484 391 3536 καλεῖται
410 3476 589 3552 ἐκμαρτυρία
606 3511 639 3519 -
660 3484 717 3534 τῶν
735 3472 961 3548 ἀποδημούντων
978 3473 1036 3549 γὰρ
1053 3474 1104 3533 καλ
1121 3481 1180 3532 τῶν
1204 3472 1243 3548 μὴ
1262 3473 1382 3548 δυναμέ-

259 3585 317 3620 νων
336 3562 435 3623 ἐλθεῖν
453 3562 495 3630 εἰς
507 3560 540 3620 τὸ
553 3561 746 3636 δικαστήριον,
765 3561 815 3620 καλ
832 3559 883 3629 τὰς
900 3558 1152 3632 τετελευτηκότων
1167 3561 1329 3635 μαρτυρίας
1347 3558 1381 3620 ἐκ

259 3648 467 3721 γραμματείων
494 3641 677 3719 ἀνέγνωσαν,
707 3647 741 3703 44.
764 3646 1063 3716 noser-Sauconnam,
1089 3644 1233 3703 Attischsr
1263 3649 1381 3704 Prouess

260 3752 288 3804 p.
301 3740 359 3790 849.
389 3732 551 3789 Ahreusius
569 3722 624 3788 noo
644 3732 767 3788 debebat
783 3732 882 3787 afferre
895 3731 965 3787 Poll.
978 3737 1002 3798 8,
1016 3736 1049 3787 36
1067 3738 1096 3787 44
1107 3734 1199 3802 Etym.
1210 3732 1246 3787 44.
1259 3737 1284 3803 4,
1296 3737 1339 3803 24,
1351 3737 1381 3802 2ς

260 3818 298 3873 ibi
316 3820 390 3873 enim
409 3833 506 3888 parum
524 3824 652 3874 accurate
670 3818 862 3886 distinguitur,
881 3818 949 3887 quid
967 3817 1077 3873 44444444
1093 3817 1166 3872 inter
1188 3811 1382 3889 ἐκμαρτυρεῖν

259 3909 290 3958 44
307 3895 399 3973 dxciv
415 3910 581 3974 μαρτυρεῖν.

345 3988 368 4055 4)
386 3986 492 4046 144444
507 4004 537 4043 π.
548 4005 573 4042 τ.
593 3981 712 4058 Πύρρον
729 3991 774 4042 κλ.
787 3991 834 4040 204
858 3983 908 4041 καί
926 3980 975 4042 ἐπὶ
991 3983 1046 4054 μὲν
1064 3992 1126 4050 ταῖς
1143 3983 1315 4057 μαρτυρίαις
1332 3977 1381 4042 αύ-

259 4079 320 4138 ταῖς
338 4081 398 4138 τοῖς
414 4067 663 4144 παραγενομένοις
680 4062 779 4138 αύτοῖς
796 4064 910 4136 τούτοις
926 4068 1070 4143 μάρτυσιν
1079 4075 1208 4143 χρῆσθαι
1221 4065 1383 4142 ἀναγκαῖόν

261 4153 338 4213 ἐστιν
356 4151 431 4229 ἡμῖν.
