3196 4792
240 217 280 276 42

241 385 471 462 praepositionis
493 371 579 461 ὑπέρ
601 386 739 456 secessit,
770 380 849 444 unde
873 383 981 444 laetum
1009 387 1055 443 est
1085 385 1118 442 ut
1145 382 1268 442 verbum
1297 402 1362 443 eum

241 489 380 562 genetivo
404 488 596 547 coniunctum
620 488 747 564 legatur.

325 664 552 753 προφθάνω
567 674 739 753 praevenio,
761 674 865 752 algam.
884 679 981 736 1213:
997 662 1228 752 προφθάσασα
1242 667 1363 752 καρδία

241 773 397 855 γλῶσσαν
420 763 462 835 ἂν
484 762 557 836 τάδ’
579 768 687 854 ἐξέχει.
729 777 917 853 Praepositio
939 796 995 855 per
1016 795 1048 838 se
1063 794 1289 852 supervacanea
1311 782 1365 853 est,

240 880 293 940 sed
315 880 465 940 notionem
489 878 648 939 festinandi
672 879 855 939 corroborat.

326 978 608 1061 προφοβοῦμαι
638 985 708 1041 ante
737 981 840 1060 timeo,
870 981 973 1060 Suppl.
998 986 1095 1044 1055:
1128 975 1299 1060 πολέμους
1326 965 1364 1038 δ’

241 1073 460 1163 αἱματόεντας
482 1080 730 1162 προφοβοῦμαι,
754 1084 791 1144 el.
814 1081 1007 1164 προταρβῶ.

326 1188 378 1248 lIl.
409 1176 477 1264 πρδ
500 1187 616 1247 aceedit
645 1186 683 1247 ad
715 1189 865 1247 notionem
888 1175 984 1266 ὑπέρ,
1016 1189 1063 1260 „in
1091 1189 1257 1265 utilitatem,
1285 1207 1363 1249 eom·

240 1290 361 1351 modum
385 1288 534 1350 alieuius.“

324 1380 573 1471 προκήδομαι
589 1409 670 1464 euro,
686 1393 784 1452 Prom.
801 1395 878 1454 656:
900 1381 1027 1473 μήπου
1045 1382 1220 1474 προκήδου
1234 1389 1363 1471 μᾶσσον

240 1479 285 1566 ῶς
308 1486 381 1573 ἐμοὶ
402 1480 519 1571 γλυκύ.

326 1599 375 1658 lV.
404 1597 627 1675 praepositione
642 1597 817 1675 designatur
833 1616 894 1659 rem
911 1599 1041 1674 aliquam
1065 1597 1210 1675 dignitate
1232 1600 1361 1675 priorem

241 1718 415 1776 essequam
439 1700 535 1760 aliam.

324 1799 503 1881 προτιμῶ
526 1804 650 1880 honoro,
681 1805 786 1882 algam.
808 1808 905 1865 1415:
938 1791 975 1875 ὃς
1002 1800 1055 1877 (se.
1076 1787 1298 1882 Ἀγαμέμνων)
1321 1788 1364 1862 οὐ

240 1901 417 1984 προτιμῶν
446 1895 571 1964 ἔδυσεν
598 1898 712 1978 παῖδα,
743 1905 792 1965 ubi
823 1908 1052 1984 praepositionis
1081 1909 1127 1966 vis
1157 1911 1237 1967 eerte
1267 1924 1363 1983 paene

241 2009 324 2069 nulla
351 2013 405 2068 est.
451 2007 534 2068 idem
564 2026 636 2069 usus
666 2009 1063 2085 inveniturAgam.1672:
1094 1999 1138 2089 μὴ
1159 1995 1365 2089 προτιμήσῃς

239 2104 390 2188 ματαίων
418 2095 525 2169 τῶνδ’
553 2098 767 2188 ὑλαγμάτων.
819 2110 877 2171 Sed
907 2111 1009 2172 addito
1040 2113 1179 2188 genetivo
1210 2113 1256 2172 vis
1278 2129 1363 2188 prae·

241 2214 396 2291 positionis
434 2214 635 2290 cognoscitur.
694 2212 805 2273 Contra
842 2214 965 2291 reliquis
998 2214 1144 2292 exemplis
1178 2215 1263 2274 Eum.
1286 2217 1363 2275 643:

239 2303 370 2392 πατρὸς
395 2310 542 2395 προτιμᾷ
565 2304 648 2385 Ζεὺς
673 2303 781 2393 μόρον
813 2318 844 2375 et
865 2334 892 2373 v.
914 2319 991 2376 742:
1025 2301 1117 2374 οὕτω
1143 2304 1301 2394 γοναικδς
1323 2299 1364 2372 οὐ

240 2405 439 2495 προτιμήσω
460 2405 568 2496 μόρον
596 2417 720 2477 verbum
744 2421 829 2478 notat
853 2419 967 2496 „magis
989 2418 1146 2493 honorare,
1174 2416 1364 2495 praeferre“:

240 2518 328 2580 morti
351 2518 583 2596 Agamemnonis
605 2519 673 2597 plus
696 2520 840 2580 tribuitur
862 2539 952 2598 quam
975 2521 1238 2598 Clytaemnestrae.

325 2622 467 2683 Similiter
481 2616 601 2699 προτί
607 2642 635 2682 ω
650 2622 756 2698 agam.
770 2626 847 2685 780:
862 2619 986 2683 πολλοὶ
998 2618 1034 2683 δὲ
1043 2619 1177 2703 βροτῶν
1192 2611 1232 2682 τδ
1248 2616 1363 2681 δοκεῖν

239 2712 325 2783 εἶναι
346 2718 550 2804 προτίουσιν
575 2728 661 2785 notat
692 2724 806 2803 „pluris
828 2726 916 2803 faeie,
943 2724 1112 2804 praefero“.
1155 2727 1231 2786 Nam
1254 2726 1363 2785 ohorus

240 2845 273 2888 se
296 2827 478 2887 eontrarium
502 2826 612 2905 faeere,
637 2845 669 2888 se
692 2829 846 2889 veritatem
870 2829 1025 2907 praeferre
1047 2828 1214 2907 profitetur.
1252 2828 1364 2889 Ooutra

239 2929 362 3007 propria
392 2931 438 2990 vis
469 2931 681 3007 praepositioni
712 2932 873 2992 tribuenda
904 2951 963 2992 non
989 2937 1034 2993 est
1065 2933 1150 2993 Eum.
1169 2934 1246 2993 549:
1277 2918 1363 3009 πρὸς

239 3022 320 3092 τάδε
341 3049 393 3102 τις
414 3026 544 3092 τοκέων
566 3027 663 3107 σέβας
684 3012 722 3092 εὖ
746 3027 906 3113 προτίων.

326 3223 361 3282 ln
378 3223 477 3283 verbis
493 3242 558 3283 oum
575 3223 846 3301 praepositionibus
867 3212 964 3301 πρός,
987 3211 1062 3294 σύν,
1084 3204 1165 3293 aiud,
1184 3213 1268 3297 ὑπέρ
1285 3238 1363 3279 eom·

243 3327 360 3403 positis,
388 3327 418 3385 in
448 3325 557 3403 quibus
586 3325 686 3386 similis
716 3325 833 3385 dicendi
864 3326 984 3386 ubertas
1014 3329 1150 3401 apparet,
1180 3322 1253 3381 haee
1282 3339 1363 3381 nune

241 3446 300 3488 non
317 3446 492 3506 persequar,
506 3446 685 3506 quamquam
703 3426 809 3487 harum
824 3444 946 3504 quoque
961 3425 1214 3504 praepositionum
1227 3424 1363 3501 exempla

242 3530 359 3608 eollegi.

330 3635 491 3694 Praeterea
520 3632 608 3693 etiam
632 3632 670 3692 de
696 3633 862 3693 nominibus
885 3634 974 3694 etde
997 3633 1153 3711 particulis
1176 3630 1363 3709 quibusdam,

244 3754 323 3814 quae
346 3736 598 3813 praepositionem
619 3735 806 3796 abundanter
821 3735 954 3797 additam
970 3736 1089 3809 habent,
1112 3735 1212 3796 similis
1227 3735 1364 3812 quaestio

241 3839 355 3899 institui
378 3841 488 3915 potest.
526 3838 584 3899 Sed
604 3837 678 3899 haee
697 3840 795 3899 omnia
810 3858 891 3900 nune
906 3832 1040 3900 omittam
1057 3844 1088 3901 et
1101 3839 1132 3898 in
1148 3836 1231 3899 aliud
1246 3841 1363 3914 tempus

241 3939 385 4000 differam.

1576 772 1593 891 ὁ,
