3196 4792
329 1248 599 1361 Wilamowitaius
621 1301 651 1360 in
675 1298 805 1360 editione
827 1299 965 1360 Herculis
980 1297 1160 1378 Euripideae
1182 1297 1222 1359 ad
1244 1317 1364 1358 versum

247 1400 439 1475 155,(h.11.
468 1421 497 1480 p.
513 1400 566 1475 82)
596 1385 701 1461 τοῖσδ’
729 1393 969 1479 ἐξαγωνίζεσθε
998 1400 1124 1462 adnotat
1154 1402 1212 1461 hoc
1240 1401 1365 1462 verbnm

244 1503 317 1563 nihil
340 1502 510 1564 aliudesse
533 1522 621 1580 quam
645 1501 770 1582 simplex
793 1504 951 1583 paululum
973 1507 1094 1565 auctum
1116 1507 1147 1564 et
1169 1523 1187 1561 a
1217 1508 1308 1582 poeta
1329 1521 1365 1562 eo

245 1606 367 1667 consilio
391 1606 542 1683 usitatum,
566 1610 599 1667 ut
621 1605 782 1666 dictionem
805 1610 968 1666 exornaret
990 1607 1216 1684 orationemque
1233 1605 1367 1667 efficeret

245 1709 339 1787 magis
361 1712 526 1769 sonantem.
563 1708 659 1782 Quam
682 1708 836 1768 audaciam
860 1707 980 1768 dicendi
995 1709 1122 1769 maxime
1138 1709 1167 1768 in
1183 1708 1283 1769 verbis
1298 1726 1365 1768 cnm

244 1811 467 1888 praepositione
490 1803 527 1870 ἐκ
543 1811 715 1887 compositis
732 1815 906 1888 usurpatam
922 1811 1016 1887 magis
1032 1811 1185 1888 magisque
1201 1812 1366 1871 increvisse

244 1913 273 1972 in
288 1913 399 1973 fabulis
409 1917 565 1989 poetarum
578 1916 608 1974 et
616 1912 794 1990 Sophoclem
806 1930 930 1989 prorsus
942 1911 1061 1972 modum
1073 1930 1227 1989 egressum
1239 1930 1314 1973 esse
1326 1943 1366 1953 -

330 2016 396 2076 Hoc
419 2016 581 2076 rectissime
605 2015 716 2076 dictum
739 2033 806 2075 esse
829 2033 916 2075 nemo
945 2013 1130 2086 initiabitur,
1163 2014 1215 2090 qui
1247 2013 1367 2090 quidem

245 2118 358 2195 aliquid
388 2119 565 2194 cognoverit
593 2136 759 2178 sermonem
789 2119 944 2195 tragicum.
986 2117 1088 2194 Atque
1115 2118 1172 2176 viri
1201 2117 1281 2178 docti
1310 2119 1367 2177 iam

246 2223 347 2291 antea,
378 2222 411 2279 ut
440 2220 512 2280 nihil
535 2219 631 2280 dicam
655 2219 692 2280 de
715 2219 943 2280 soholiastarum
966 2218 1209 2279 adnotationibus
1231 2218 1367 2279 brevissi·

246 2322 315 2400 mis,
336 2321 414 2382 hauc
436 2321 555 2382 dicendi
579 2322 746 2384 ubertatem
770 2322 975 2400 perstringere
998 2341 1058 2382 non
1074 2321 1248 2399 omiserunt,
1270 2325 1304 2381 ut
1324 2320 1368 2380 in·

246 2423 350 2501 primis
372 2423 503 2485 (lobetus
524 2422 693 2496 [collectan.
709 2425 773 2485 crit
787 2424 926 2501 Lugdun.
943 2425 1046 2484 Batou.
1064 2427 1146 2485 1878
1168 2442 1198 2500 p.
1214 2421 1296 2495 188).
1326 2452 1369 2462 -

250 2600 252 2605 ¹
331 2527 476 2587 Nimirum
507 2528 557 2588 hio
586 2530 632 2587 est
662 2545 725 2588 mos
747 2528 777 2587 in
801 2528 880 2587 omni
903 2527 1020 2604 lingua,
1049 2531 1082 2586 ut
1104 2524 1281 2602 significatio
1303 2543 1370 2585 ver·
1470 2551 1473 2556 ·

246 2629 351 2689 borum
374 2647 430 2689 usu
454 2628 596 2690 diuturno
620 2631 690 2689 trita
712 2634 743 2690 et
765 2647 949 2691 evanescens
964 2629 1050 2706 quasi
1065 2632 1238 2705 renovetur,
1260 2627 1370 2687 clarius

247 2735 277 2791 et
299 2732 469 2791 accuratius
492 2732 679 2809 exprimatur
701 2731 913 2793 additamentis
936 2729 1131 2807 quibusdam,
1162 2747 1239 2806 quae
1261 2747 1317 2804 per
1338 2747 1370 2789 se

248 2851 308 2892 non
340 2833 510 2893 necessaria
540 2836 612 2893 suut
641 2837 672 2892 et
700 2833 731 2892 in
759 2832 859 2893 verbis
889 2833 959 2909 ipsis
988 2832 1112 2895 inclusa.
1155 2832 1261 2907 Itaque
1290 2828 1371 2907 apud

247 2934 344 3010 ipsum
366 2934 529 2994 Homerum
552 2934 601 2995 hic
624 2935 815 3012 pleonasmus
839 2935 868 2993 in
891 2936 963 2995 satis
980 2934 1094 2995 «multis
1116 2933 1216 2996 verbis
1247 2951 1372 3009 coguos-

249 3036 334 3096 citur.
386 3038 497 3097 Poetae
530 3038 636 3114 tragici
659 3054 746 3109 vero,
780 3055 845 3096 oum
879 3037 917 3096 ad
950 3037 1040 3097 animi
1071 3035 1313 3115 perturbationes
1343 3038 1373 3095 et

249 3137 472 3198 adumbrandas
504 3143 534 3199 et
563 3138 740 3199 excitandas
771 3138 845 3198 nihil
876 3138 941 3200 fere
963 3139 1111 3200 haberent
1134 3138 1190 3197 nisi
1213 3138 1290 3214 epici
1313 3155 1374 3197 ser-

249 3241 344 3301 monis
366 3240 598 3319 simplicitatem,
628 3259 755 3319 poeseos
777 3241 888 3318 lyricae
911 3242 1076 3320 leuitatem,
1107 3242 1265 3301 chororum
1294 3243 1374 3300 tran·

252 3326 427 3416 quillitatem
451 3343 587 3419 quamvis
609 3343 824 3420 gravissimam,
851 3344 1015 3404 orationem
1039 3342 1172 3418 pleniore
1194 3360 1246 3403 ore
1268 3360 1375 3402 sonan·

250 3446 309 3502 tem
325 3445 403 3504 omui
419 3446 506 3506 modo
523 3445 746 3522 quaesiverunt,
767 3447 943 3521 praesertim
967 3464 1032 3505 cum
1048 3443 1210 3505 histriones
1224 3443 1375 3523 personati

251 3548 281 3604 et
303 3545 452 3606 cothurno
475 3548 630 3626 supposito
653 3565 745 3626 snper
767 3545 917 3607 homiuum
940 3564 1110 3607 mensuram
1135 3547 1250 3623 egressi
1264 3546 1294 3605 in
1311 3545 1376 3606 the·

252 3650 350 3706 atrum
372 3645 548 3707 immensum
570 3648 735 3724 prodirent
757 3679 800 3690 -

334 3748 436 3826 Atque
459 3749 534 3809 haec
555 3749 620 3826 ipsa
641 3748 775 3828 ubertas,
806 3768 884 3826 quae
917 3750 1101 3827 conspicitur
1123 3751 1153 3809 in
1176 3749 1276 3810 verbis
1299 3767 1377 3809 eom·

251 3849 356 3926 positis
378 3869 439 3911 uon
462 3851 587 3911 multum
610 3870 628 3911 a
650 3850 833 3926 simplicibus
857 3851 1074 3928 differentibus,
1096 3851 1177 3930 apud
1200 3851 1377 3927 Sophoclem

252 3955 381 4013 tractata
396 3956 450 4030 est,
465 3957 498 4014 ut
513 3954 629 4032 priores
642 3953 783 4030 omittam,
799 3951 1050 4013 aKriebitzschio
1059 3949 1092 4031 ¹),
1106 3952 1160 4013 sed
1176 3952 1213 4013 de
1228 3953 1379 4031 Aeschylo

258 4066 461 4075 ———-

339 4115 362 4180 ¹)
379 4113 565 4178 Quaestionee
592 4114 628 4168 de
654 4128 707 4168 usu
732 4113 880 4168 verborum
903 4127 964 4166 oum
989 4113 1245 4181 praepositionibus
1268 4129 1378 4182 compo·

255 4196 374 4252 sitorum
392 4197 468 4268 apud
485 4196 659 4268 Sophoclem,
676 4197 751 4253 Dies.
764 4197 824 4253 Hal.
840 4201 913 4253 1881.

1207 4304 1219 4352 1
