3196 4792
1307 250 1346 311 l‘l

223 409 266 480 τδ
296 415 436 500 σῶφρον
463 450 506 462 -
535 413 592 479 καὶ
621 408 726 495 δόξαν
755 407 882 500 ἐσθλὴν
912 412 949 478 ἐν
978 417 1114 496 βροτοῖς
1142 412 1348 499 καρπίζεται.

227 522 340 585 Contra
354 522 507 601 Theophr.
523 521 561 583 de
576 540 656 583 caus.
671 521 764 600 plaut.
779 524 808 598 4,
823 523 852 598 8,
867 522 899 581 3:
925 511 1158 599 ἐκκαρπίζεται
1179 505 1222 578 τὰ
1241 510 1348 600 ἐδάφη

229 625 452 704 praepositione
476 616 513 685 ἐκ
534 625 616 686 notio
639 622 777 700 frugibus
800 621 939 700 privandi
963 621 1102 684 efficitur.

313 718 561 807 inaspectum*
584 726 719 799 debilito‚
741 725 850 805 perdo,
872 725 957 786 lium.
979 728 1053 788 127:
1085 717 1194 806 δεινῆς
1215 718 1349 805 δρακαί·

227 846 289 910 νης
310 816 514 911 ἐξεκήραναν
534 823 648 907 μένος,
678 828 716 890 ci.
731 828 855 890 Aristot.
869 846 917 907 ap.
932 829 1011 889 Plut
1028 846 1100 889 mor.
1116 846 1146 905 p.
1160 828 1231 900 886,
1246 827 1279 888 δ;
1306 814 1351 886 τὰ

227 926 378 1013 περίγεια
392 925 596 1012 κηραίνεται,
617 930 725 993 Aesch.
740 928 844 1009 Suppl
861 933 955 993 1010:
978 926 1082 1008 θῆρες
1103 922 1138 989 δὲ
1152 924 1349 1011 κηραίνουσι

228 1034 283 1109 (se.
298 1024 450 1114 ὀπώραν)
473 1054 498 1097 e.
514 1051 536 1095 s

314 1130 566 1216 δκκυνηγετῶ
588 1154 761 1214 persequor,
784 1137 869 1197 lium.
884 1139 958 1199 um:
981 1125 1080 1221 τόνδε
1096 1131 1195 1212 φῶτα
1210 1127 1351 1215 ἐκκυνη-

227 1235 326 1320 γετῶ,
348 1240 386 1301 ci.
403 1242 502 1302 Prom.
517 1242 594 1301 594:
616 1223 703 1299 ἄλλά
725 1255 766 1317 με
787 1222 852 1297 τὰν
873 1227 1037 1298 τάλαιναν
1058 1244 1236 1319 κυναγετεῖ
1256 1238 1309 1313 (sc.
1330 1222 1349 1300 δ

228 1332 375 1424 βούτης).

315 1430 534 1524 ἐκίούομαι
563 1445 661 1522 lavor,
689 1443 746 1522 irg.
769 1448 822 1507 32:
854 1439 988 1502 καλοῖσι
1016 1441 1173 1524 λουτροῖς
1194 1436 1350 1504 ἐκλείον-

228 1541 329 1626 μίνος
352 1541 465 1626 δέμας·
488 1548 611 1627 proprio
634 1564 725 1609 seusu
748 1546 787 1607 de
808 1546 946 1608 eluendis
961 1546 1139 1607 vulneribus
1155 1550 1185 1609 et
1200 1547 1352 1608 ulceribus

230 1650 341 1712 dicitur
362 1650 468 1728 Polyb.
491 1653 520 1729 3,
539 1654 589 1727 88,
613 1655 644 1711 1:
674 1638 755 1721 τούς
782 1642 843 1727 μὲν
873 1641 1000 1719 ἵππους
1021 1637 1177 1709 ἐκῖσύοον
1197 1656 1269 1722 τοῖς
1289 1666 1352 1709 πα-

231 1749 339 1824 λαιοῖς
360 1745 474 1825 οίνοις.

317 1845 562 1934 ἐκμανθάνει)
584 1854 725 1929 edisco.¹)

316 1957 340 2019 1.
372 1960 565 2037 compositum
589 1977 713 2037 prorsus
735 1958 813 2019 idem
837 1962 882 2019 est
903 1961 993 2036 atque
1016 1959 1157 2037 simplex:

318 2059 351 2135 u)
372 2062 422 2121 vis
444 2062 675 2140 praepositionis
698 2081 759 2123 non
782 2060 839 2122 iani
862 2061 1045 2122 sentiebatur
1075 2061 1216 2122 adverbio
1238 2057 1354 2139 σαφῶς

230 2162 348 2224 addito:
378 2164 477 2225 Prom.
493 2166 569 2227 843:
591 2160 706 2239 σαφῶς
728 2152 935 2242 δκμοίνθανει
964 2164 1101 2224 similiter
1124 2161 1215 2243 Soph.
1229 2163 1303 2227 Oed.
1318 2166 1353 2227 R.

232 2269 296 2328 285
319 2271 349 2327 ei
373 2270 463 2329 1065.

317 2361 351 2448 β)
374 2369 522 2430 sententia
544 2370 686 2447 negativa
717 2373 775 2430 est:
805 2370 903 2430 Prom.
927 2372 1003 2431 802:
1033 2363 1089 2428 καὶ
1118 2362 1202 2448 μηδὲ
1231 2366 1354 2452 σαυτῆς

232 2460 395 2548 ἐκμαθεῖν
426 2457 516 2554 ζήτει
545 2458 676 2543 πόνους
706 2476 736 2532 et
761 2491 790 2533 v.
813 2475 890 2535 902:
921 2458 962 2531 σύ
985 2466 1015 2531 τ’
1035 2465 1136 2532 οὐδὲν
1157 2463 1355 2549 ἐκμαθοῦσα

232 2568 413 2651 κερδανεῖς,
437 2575 487 2636 ubi
509 2576 534 2636 si
555 2593 757 2653 premeremus
780 2576 931 2638 notionem
948 2575 1110 2653 ediscendi,
1131 2573 1274 2636 evaderet
1289 2586 1354 2637 seu·

232 2676 327 2736 tentia
349 2694 473 2755 prorsus
495 2677 636 2740 absurda.

318 2777 407 2857 Apud
437 2780 616 2857 Sophoclem
647 2780 800 2858 aptissima
833 2783 952 2841 exstant
985 2779 1133 2857 exemplu,
1166 2798 1204 2840 ex
1237 2779 1354 2858 quibus,

233 2880 305 2956 quia
333 2882 530 2959 composItum
561 2882 746 2960 etsimplex
768 2881 852 2942 iuxta
874 2887 1041 2959 ponuntur,
1072 2883 1264 2961 compositum
1295 2901 1353 2943 non

233 2982 275 3042 ita
300 2981 421 3044 differre
442 2983 480 3043 ab
502 2984 560 3044 hcc
582 2983 721 3045 concludi
745 2988 853 3062 potest.

317 3083 391 3147 Oed.
407 3086 440 3145 lt
455 3088 530 3148 575:
557 3084 681 3164 μαθεῖν
704 3078 823 3144 δικαιῶ
845 3069 945 3144 ταῦθ’
968 3072 1052 3165 ὅπερ
1076 3070 1185 3165 κάμοῦ
1209 3076 1250 3146 ori
1273 3081 1355 3147 vois:
1379 3139 1381 3143 ,

234 3185 371 3265 Oedipus
393 3187 568 3266 respondet:
590 3176 777 3266 ixpoivdav'
798 3206 863 3265 eq.
879 3206 902 3248 s.
1097 3178 1100 3185 ’

320 3290 371 3350 Tr.
388 3293 462 3353 335:
485 3274 594 3350 αὐτοῦ
616 3307 652 3369 γε
671 3285 812 3368 πρῶτον
827 3279 925 3364 βαιὸν
941 3272 1112 3374 ιίμμείναδ
1128 3277 1221 3362 ὅπως
1235 3279 1355 3369 μάθῃς,

237 3375 317 3451 ἄνευ
340 3377 452 3467 τῶνδ,
484 3376 642 3465 οὕστινάς
664 3376 693 3452 τ’
717 3380 816 3472 ἄγεις,
838 3372 887 3450 ὧν
909 3376 939 3451 τ’
962 3376 1065 3452 οὐδὲν
1086 3382 1283 3474 είσήκουσας
1304 3385 1356 3452 ἐκ·

232 3481 342 3569 μάθος
366 3480 387 3552 ἃ
410 3487 467 3554 δεῖ·
547 3568 550 3571 ,

234 3700 341 3776 φρενὸς
364 3701 575 3777 καρπούμενος.
600 3738 634 3750 -
659 3706 708 3764 Ab
731 3709 889 3764 Hermanno
913 3708 1030 3763 maxime
1053 3709 1082 3763 iu
1106 3708 1221 3765 dubium
1240 3714 1357 3765 vocatur

234 3791 348 3846 verbum
368 3785 600 3863 δκκαρπίζεσθαι
618 3809 669 3863 pro
687 3796 888 3865 καρποῦσθαι,
912 3800 941 3848 et
963 3795 992 3847 in
1018 3809 1103 3849 versu
1121 3793 1275 3864 Euripiden
1300 3810 1322 3849 s.
1339 3795 1357 3849 l.

232 3877 347 3932 verbum
365 3875 538 3949 καρπίζεται
556 3880 677 3933 σιοίονίί
693 3879 723 3933 in
740 3878 899 3947 κομίζεται.
936 3878 992 3933 Sed
1009 3884 1084 3934 recte
1102 3876 1161 3934 iere
1177 3894 1274 3935 omnes
1299 3880 1358 3934 edi·

233 3966 308 4017 tores
333 3963 450 4018 verbum
475 3964 508 4019 ab
533 3963 648 4034 optimis
672 3964 753 4020 codd.
771 3964 905 4018 traditum
929 3969 1122 4019 servaverunt.
1139 3962 1264 4020 Accedit
1281 3966 1358 4034 quod

233 4045 322 4102 Bell.
336 4048 433 4103 anecd.
445 4065 473 4119 p.
487 4053 544 4117 104,
557 4054 572 4104 ο
585 4047 752 4104 affirmatur:
770 4045 973 4119 καρπίοασθαι
987 4039 1051 4102 dori
1068 4053 1121 4104 τοῦ
1133 4043 1358 4120 καρπώσασθαι.

320 4133 341 4201 ¹)
358 4132 434 4202 apud
451 4131 616 4201 Sophoclem
641 4133 804 4202 saepissime
827 4131 978 4201 invenitur,
1001 4131 1037 4187 cf.
1056 4130 1290 4187 Krlebltnschium
1309 4133 1327 4187 l.
1340 4135 1357 4188 l.

233 4219 392 4283 pm-m

1133 4320 1148 4370 2
