<?xml version="1.0" encoding="UTF-8"?>
<!DOCTYPE html PUBLIC "-//W3C//DTD XHTML 1.0 Transitional//EN"
    "http://www.w3.org/TR/xhtml1/DTD/xhtml1-transitional.dtd">
<html xmlns="http://www.w3.org/1999/xhtml" xml:lang="en" lang="en">
 <head>
  <title>
</title>
<meta http-equiv="Content-Type" content="text/html;charset=utf-8" />
  <meta name='ocr-system' content='tesseract 3.04.00' />
  <meta name='ocr-capabilities' content='ocr_page ocr_carea ocr_par ocr_line ocrx_word'/>
</head>
<body>
  <div class='ocr_page' id='page_1' title='image "./quaestionesaesc00lessgoog_0014.png"; bbox 0 0 3196 4792; ppageno 0'>
   <div class='ocr_carea' id='block_1_1' title="bbox 762 204 1373 430">
    <p class='ocr_par' dir='ltr' id='par_1_1' title="bbox 762 204 1373 430">
     <span class='ocr_line' id='line_1_1' title="bbox 1354 204 1373 261; baseline 0 0"><span class='ocrx_word' id='word_1_1' title='bbox 1354 204 1373 261; x_wconf 78' lang='lat'>5</span> 
     </span>
     <span class='ocr_line' id='line_1_2' title="bbox 762 364 859 430; baseline 0 0"><span class='ocrx_word' id='word_1_2' title='bbox 762 364 859 430; x_wconf 85' lang='grc' dir='ltr'><em>Αντί.</em></span> 
     </span>
    </p>
   </div>
   <div class='ocr_carea' id='block_1_2' title="bbox 249 472 1376 2609">
    <p class='ocr_par' dir='ltr' id='par_1_2' title="bbox 251 472 1374 667">
     <span class='ocr_line' id='line_1_3' title="bbox 336 472 1374 567; baseline 0.002 -21"><span class='ocrx_word' id='word_1_3' title='bbox 336 472 411 546; x_wconf 86' lang='grc' dir='ltr'><em>ἀντί</em></span> <span class='ocrx_word' id='word_1_4' title='bbox 422 506 489 548; x_wconf 90' lang='lat' dir='ltr'><strong>oum</strong></span> <span class='ocrx_word' id='word_1_5' title='bbox 503 487 595 548; x_wconf 85' lang='lat' dir='ltr'><strong>verbo</strong></span> <span class='ocrx_word' id='word_1_6' title='bbox 607 488 797 549; x_wconf 89' lang='lat' dir='ltr'><strong>coniunctum</strong></span> <span class='ocrx_word' id='word_1_7' title='bbox 808 488 954 567; x_wconf 84' lang='lat' dir='ltr'><strong>siguificat</strong></span> <span class='ocrx_word' id='word_1_8' title='bbox 969 486 1110 562; x_wconf 82' lang='lat' dir='ltr'><strong>„coutra“</strong></span> <span class='ocrx_word' id='word_1_9' title='bbox 1129 491 1180 549; x_wconf 87' lang='lat' dir='ltr'><strong>aut</strong></span> <span class='ocrx_word' id='word_1_10' title='bbox 1197 483 1374 561; x_wconf 80' lang='lat' dir='ltr'><strong>„vicissim“.</strong></span> 
     </span>
     <span class='ocr_line' id='line_1_4' title="bbox 251 589 1214 667; baseline 0.001 -18"><span class='ocrx_word' id='word_1_11' title='bbox 251 590 333 650; x_wconf 82' lang='lat' dir='ltr'><strong>liaeo</strong></span> <span class='ocrx_word' id='word_1_12' title='bbox 355 589 568 650; x_wconf 78' lang='lat' dir='ltr'><strong>vicissitudinis</strong></span> <span class='ocrx_word' id='word_1_13' title='bbox 591 591 672 651; x_wconf 88' lang='lat' dir='ltr'><strong>notio</strong></span> <span class='ocrx_word' id='word_1_14' title='bbox 695 591 819 667; x_wconf 84' lang='lat' dir='ltr'><strong>gravius</strong></span> <span class='ocrx_word' id='word_1_15' title='bbox 841 594 966 652; x_wconf 87' lang='lat' dir='ltr'><strong>effertur</strong></span> <span class='ocrx_word' id='word_1_16' title='bbox 988 591 1214 652; x_wconf 78' lang='lat' dir='ltr'><strong>additamentis:</strong></span> 
     </span>
    </p>

    <p class='ocr_par' dir='ltr' id='par_1_3' title="bbox 251 676 1376 869">
     <span class='ocr_line' id='line_1_5' title="bbox 335 676 1376 772; baseline 0.002 -22"><span class='ocrx_word' id='word_1_17' title='bbox 335 676 639 771; x_wconf 89' lang='grc' dir='ltr'><em>άνθαλίσκομαι</em></span> <span class='ocrx_word' id='word_1_18' title='bbox 671 693 800 753; x_wconf 86' lang='lat' dir='ltr'><strong>vicissim</strong></span> <span class='ocrx_word' id='word_1_19' title='bbox 832 695 942 772; x_wconf 85' lang='lat' dir='ltr'><strong>capior,</strong></span> <span class='ocrx_word' id='word_1_20' title='bbox 972 694 1077 770; x_wconf 83' lang='lat' dir='ltr'><strong>Agam.</strong></span> <span class='ocrx_word' id='word_1_21' title='bbox 1101 697 1176 755; x_wconf 80' lang='lat'>352:</span> <span class='ocrx_word' id='word_1_22' title='bbox 1210 681 1252 752; x_wconf 91' lang='grc' dir='ltr'><strong>ού</strong></span> <span class='ocrx_word' id='word_1_23' title='bbox 1281 678 1311 752; x_wconf 74' lang='grc' dir='ltr'><em>τ’</em></span> <span class='ocrx_word' id='word_1_24' title='bbox 1333 680 1376 752; x_wconf 82' lang='grc' dir='ltr'><em>ἀν</em></span> 
     </span>
     <span class='ocr_line' id='line_1_6' title="bbox 251 773 842 869; baseline 0.003 -16"><span class='ocrx_word' id='word_1_25' title='bbox 251 784 383 865; x_wconf 70' lang='grc' dir='ltr'><em>ἑλόντες</em></span> <span class='ocrx_word' id='word_1_26' title='bbox 403 773 504 866; x_wconf 78' lang='grc' dir='ltr'><em>αὖθις</em></span> <span class='ocrx_word' id='word_1_27' title='bbox 527 778 735 867; x_wconf 87' lang='grc' dir='ltr'><em>ἀνθαλόντες</em></span> <span class='ocrx_word' id='word_1_28' title='bbox 758 781 810 856; x_wconf 84' lang='grc' dir='ltr'><em>ἀν.</em></span> <span class='ocrx_word' id='word_1_29' title='bbox 819 794 842 869; x_wconf 86' lang='lat'><strong>¹)</strong></span> 
     </span>
    </p>

    <p class='ocr_par' dir='ltr' id='par_1_4' title="bbox 249 880 1375 1078">
     <span class='ocr_line' id='line_1_7' title="bbox 335 880 1375 974; baseline 0.004 -21"><span class='ocrx_word' id='word_1_30' title='bbox 335 880 544 954; x_wconf 83' lang='grc' dir='ltr'><em>ἀντακούω</em></span> <span class='ocrx_word' id='word_1_31' title='bbox 578 897 704 957; x_wconf 85' lang='lat' dir='ltr'><strong>vicissim</strong></span> <span class='ocrx_word' id='word_1_32' title='bbox 738 898 842 974; x_wconf 87' lang='lat' dir='ltr'><strong>audio,</strong></span> <span class='ocrx_word' id='word_1_33' title='bbox 873 901 956 959; x_wconf 81' lang='lat' dir='ltr'><strong>Eum.</strong></span> <span class='ocrx_word' id='word_1_34' title='bbox 983 901 1057 960; x_wconf 78' lang='lat'>198:</span> <span class='ocrx_word' id='word_1_35' title='bbox 1091 883 1304 957; x_wconf 78' lang='grc' dir='ltr'><em>ἀντάκουσον</em></span> <span class='ocrx_word' id='word_1_36' title='bbox 1338 889 1375 957; x_wconf 76' lang='grc' dir='ltr'><em>ἐν</em></span> 
     </span>
     <span class='ocr_line' id='line_1_8' title="bbox 249 991 349 1078; baseline -0.03 -21"><span class='ocrx_word' id='word_1_37' title='bbox 249 991 349 1078; x_wconf 80' lang='grc' dir='ltr'><em>μέρει.</em></span> 
     </span>
    </p>

    <p class='ocr_par' dir='ltr' id='par_1_5' title="bbox 251 1087 1374 1282">
     <span class='ocr_line' id='line_1_9' title="bbox 335 1087 1374 1180; baseline 0 -20"><span class='ocrx_word' id='word_1_38' title='bbox 335 1099 489 1160; x_wconf 82' lang='lat' dir='ltr'><strong>Eiusmodi</strong></span> <span class='ocrx_word' id='word_1_39' title='bbox 512 1102 663 1162; x_wconf 89' lang='lat' dir='ltr'><strong>notionem</strong></span> <span class='ocrx_word' id='word_1_40' title='bbox 685 1102 760 1162; x_wconf 80' lang='lat' dir='ltr'><strong>haec</strong></span> <span class='ocrx_word' id='word_1_41' title='bbox 775 1102 867 1163; x_wconf 86' lang='lat' dir='ltr'><strong>verba</strong></span> <span class='ocrx_word' id='word_1_42' title='bbox 881 1121 936 1180; x_wconf 90' lang='lat' dir='ltr'><strong>per</strong></span> <span class='ocrx_word' id='word_1_43' title='bbox 951 1121 983 1163; x_wconf 92' lang='lat' dir='ltr'><strong>se</strong></span> <span class='ocrx_word' id='word_1_44' title='bbox 999 1104 1064 1180; x_wconf 88' lang='lat' dir='ltr'><strong>ipsa</strong></span> <span class='ocrx_word' id='word_1_45' title='bbox 1079 1103 1261 1179; x_wconf 88' lang='lat' dir='ltr'><strong>exprimunt:</strong></span> <span class='ocrx_word' id='word_1_46' title='bbox 1284 1087 1374 1160; x_wconf 89' lang='grc' dir='ltr'><em>ἀντ-</em></span> 
     </span>
     <span class='ocr_line' id='line_1_10' title="bbox 251 1186 866 1282; baseline 0.003 -21"><span class='ocrx_word' id='word_1_47' title='bbox 251 1192 512 1280; x_wconf 90' lang='grc' dir='ltr'><em>αλλάσσομαι,</em></span> <span class='ocrx_word' id='word_1_48' title='bbox 535 1186 866 1282; x_wconf 53' lang='grc' dir='ltr'><em>άνταμείβομαιλ)</em></span> 
     </span>
    </p>

    <p class='ocr_par' dir='ltr' id='par_1_6' title="bbox 335 1292 1374 1368">
     <span class='ocr_line' id='line_1_11' title="bbox 335 1292 1374 1368; baseline 0.002 -4"><span class='ocrx_word' id='word_1_49' title='bbox 335 1292 392 1365; x_wconf 82' lang='lat' dir='ltr'><strong>Hie</strong></span> <span class='ocrx_word' id='word_1_50' title='bbox 408 1306 478 1365; x_wconf 90' lang='lat' dir='ltr'><strong>mihi</strong></span> <span class='ocrx_word' id='word_1_51' title='bbox 492 1306 581 1366; x_wconf 84' lang='lat' dir='ltr'><strong>liceat</strong></span> <span class='ocrx_word' id='word_1_52' title='bbox 595 1307 718 1367; x_wconf 83' lang='lat' dir='ltr'><strong>similem</strong></span> <span class='ocrx_word' id='word_1_53' title='bbox 734 1307 899 1368; x_wconf 85' lang='lat' dir='ltr'><strong>ubertatem</strong></span> <span class='ocrx_word' id='word_1_54' title='bbox 917 1309 946 1368; x_wconf 93' lang='lat' dir='ltr'><strong>in</strong></span> <span class='ocrx_word' id='word_1_55' title='bbox 963 1307 1120 1368; x_wconf 88' lang='lat' dir='ltr'><strong>adiectivis</strong></span> <span class='ocrx_word' id='word_1_56' title='bbox 1135 1324 1374 1367; x_wconf 86' lang='lat' dir='ltr'><strong>commemorare.</strong></span> 
     </span>
    </p>

    <p class='ocr_par' dir='ltr' id='par_1_7' title="bbox 251 1395 1374 1588">
     <span class='ocr_line' id='line_1_12' title="bbox 337 1395 1374 1489; baseline 0.001 -24"><span class='ocrx_word' id='word_1_57' title='bbox 337 1395 574 1478; x_wconf 90' lang='grc' dir='ltr'><em>άντικτόνος</em></span> <span class='ocrx_word' id='word_1_58' title='bbox 606 1409 733 1469; x_wconf 86' lang='lat' dir='ltr'><strong>vicissim</strong></span> <span class='ocrx_word' id='word_1_59' title='bbox 765 1409 905 1488; x_wconf 86' lang='lat' dir='ltr'><strong>caedens,</strong></span> <span class='ocrx_word' id='word_1_60' title='bbox 937 1411 1022 1470; x_wconf 82' lang='lat' dir='ltr'><strong>Eum.</strong></span> <span class='ocrx_word' id='word_1_61' title='bbox 1046 1413 1124 1470; x_wconf 77' lang='lat'><strong>467:</strong></span> <span class='ocrx_word' id='word_1_62' title='bbox 1157 1398 1287 1468; x_wconf 79' lang='grc' dir='ltr'><em>ἔκτεινα</em></span> <span class='ocrx_word' id='word_1_63' title='bbox 1313 1399 1374 1489; x_wconf 85' lang='grc' dir='ltr'><strong>τὴν</strong></span> 
     </span>
     <span class='ocr_line' id='line_1_13' title="bbox 251 1494 1239 1588; baseline 0 -19"><span class='ocrx_word' id='word_1_64' title='bbox 251 1504 417 1569; x_wconf 83' lang='grc' dir='ltr'><em>τεκοῦσαν</em></span> <span class='ocrx_word' id='word_1_65' title='bbox 437 1540 480 1551; x_wconf 84' lang='grc'>-</span> <span class='ocrx_word' id='word_1_66' title='bbox 502 1494 716 1582; x_wconf 76' lang='grc' dir='ltr'><em>ἀντικτόνοις</em></span> <span class='ocrx_word' id='word_1_67' title='bbox 736 1517 890 1570; x_wconf 81' lang='grc' dir='ltr'><em>ποιναῖσι</em></span> <span class='ocrx_word' id='word_1_68' title='bbox 912 1500 1078 1587; x_wconf 80' lang='grc' dir='ltr'><em>φιλτάτου</em></span> <span class='ocrx_word' id='word_1_69' title='bbox 1100 1497 1239 1588; x_wconf 90' lang='grc' dir='ltr'><em>πατρός.</em></span> 
     </span>
    </p>

    <p class='ocr_par' dir='ltr' id='par_1_8' title="bbox 250 1596 1375 1998">
     <span class='ocr_line' id='line_1_14' title="bbox 335 1596 1374 1690; baseline 0 -20"><span class='ocrx_word' id='word_1_70' title='bbox 335 1597 381 1671; x_wconf 88' lang='grc' dir='ltr'><em>τά</em></span> <span class='ocrx_word' id='word_1_71' title='bbox 410 1596 652 1671; x_wconf 89' lang='grc' dir='ltr'><em>ἀντίποινα*</em></span> <span class='ocrx_word' id='word_1_72' title='bbox 682 1632 794 1690; x_wconf 86' lang='lat' dir='ltr'><strong>poena,</strong></span> <span class='ocrx_word' id='word_1_73' title='bbox 816 1614 902 1686; x_wconf 89' lang='lat' dir='ltr'><strong>ultio,</strong></span> <span class='ocrx_word' id='word_1_74' title='bbox 930 1615 1014 1674; x_wconf 82' lang='lat' dir='ltr'><strong>Eum.</strong></span> <span class='ocrx_word' id='word_1_75' title='bbox 1034 1616 1110 1676; x_wconf 81' lang='lat'><strong>268:</strong></span> <span class='ocrx_word' id='word_1_76' title='bbox 1139 1596 1308 1671; x_wconf 75' lang='grc' dir='ltr'><em>ἀντίποιν’</em></span> <span class='ocrx_word' id='word_1_77' title='bbox 1329 1596 1374 1683; x_wconf 82' lang='grc' dir='ltr'><strong>οός</strong></span> 
     </span>
     <span class='ocr_line' id='line_1_15' title="bbox 250 1699 1375 1793; baseline 0.002 -21"><span class='ocrx_word' id='word_1_78' title='bbox 250 1708 343 1790; x_wconf 75' lang='grc' dir='ltr'><em>τίνῃς</em></span> <span class='ocrx_word' id='word_1_79' title='bbox 363 1704 583 1793; x_wconf 80' lang='grc' dir='ltr'><em>ματροφόνου</em></span> <span class='ocrx_word' id='word_1_80' title='bbox 606 1704 695 1785; x_wconf 84' lang='grc' dir='ltr'><em>όύας.</em></span> <span class='ocrx_word' id='word_1_81' title='bbox 733 1717 816 1777; x_wconf 90' lang='lat' dir='ltr'><strong>Pers.</strong></span> <span class='ocrx_word' id='word_1_82' title='bbox 832 1718 907 1778; x_wconf 77' lang='lat'>479:</span> <span class='ocrx_word' id='word_1_83' title='bbox 931 1699 980 1774; x_wconf 79' lang='grc' dir='ltr'><em>ὧν</em></span> <span class='ocrx_word' id='word_1_84' title='bbox 1002 1701 1183 1774; x_wconf 88' lang='grc' dir='ltr'><em>ἀντίποινα</em></span> <span class='ocrx_word' id='word_1_85' title='bbox 1197 1719 1277 1786; x_wconf 89' lang='grc' dir='ltr'><em>παῖς</em></span> <span class='ocrx_word' id='word_1_86' title='bbox 1299 1705 1375 1792; x_wconf 77' lang='grc' dir='ltr'><em>ἐμός</em></span> 
     </span>
     <span class='ocr_line' id='line_1_16' title="bbox 251 1801 1374 1894; baseline 0 -20"><span class='ocrx_word' id='word_1_87' title='bbox 251 1806 392 1892; x_wconf 75' lang='grc' dir='ltr'><em>πράξειν</em></span> <span class='ocrx_word' id='word_1_88' title='bbox 416 1810 539 1876; x_wconf 83' lang='grc' dir='ltr'><em>όοκοόν.</em></span> <span class='ocrx_word' id='word_1_89' title='bbox 584 1815 752 1894; x_wconf 77' lang='lat' dir='ltr'><strong>Simplicius</strong></span> <span class='ocrx_word' id='word_1_90' title='bbox 775 1818 884 1878; x_wconf 90' lang='lat' dir='ltr'><strong>dicitur</strong></span> <span class='ocrx_word' id='word_1_91' title='bbox 907 1820 989 1878; x_wconf 85' lang='lat' dir='ltr'><strong>Pers.</strong></span> <span class='ocrx_word' id='word_1_92' title='bbox 1004 1820 1079 1879; x_wconf 88' lang='lat'>810:</span> <span class='ocrx_word' id='word_1_93' title='bbox 1101 1801 1229 1893; x_wconf 83' lang='grc' dir='ltr'><em>ύβρεοος</em></span> <span class='ocrx_word' id='word_1_94' title='bbox 1252 1802 1374 1875; x_wconf 85' lang='grc' dir='ltr'><em>άποινα</em></span> 
     </span>
     <span class='ocr_line' id='line_1_17' title="bbox 251 1902 1246 1998; baseline 0 -23"><span class='ocrx_word' id='word_1_95' title='bbox 251 1902 390 1976; x_wconf 78' lang='grc' dir='ltr'><em>κάθίοον</em></span> <span class='ocrx_word' id='word_1_96' title='bbox 412 1907 640 1998; x_wconf 82' lang='grc' dir='ltr'><em>φρονημάτων</em></span> <span class='ocrx_word' id='word_1_97' title='bbox 664 1924 694 1980; x_wconf 91' lang='lat' dir='ltr'><strong>et</strong></span> <span class='ocrx_word' id='word_1_98' title='bbox 715 1921 957 1997; x_wconf 69' lang='lat' dir='ltr'><strong>sepositam:</strong></span> <span class='ocrx_word' id='word_1_99' title='bbox 978 1913 1119 1997; x_wconf 85' lang='grc' dir='ltr'><em>ποίνιμα</em></span> <span class='ocrx_word' id='word_1_100' title='bbox 1141 1907 1246 1997; x_wconf 85' lang='grc' dir='ltr'><em>πάθη.</em></span> 
     </span>
    </p>

    <p class='ocr_par' dir='ltr' id='par_1_9' title="bbox 250 2005 1375 2609">
     <span class='ocr_line' id='line_1_18' title="bbox 336 2005 1375 2101; baseline 0.003 -25"><span class='ocrx_word' id='word_1_101' title='bbox 336 2005 579 2095; x_wconf 87' lang='grc' dir='ltr'><em>ἀντίφονος*</em></span> <span class='ocrx_word' id='word_1_102' title='bbox 598 2020 720 2082; x_wconf 84' lang='lat' dir='ltr'><strong>caedem</strong></span> <span class='ocrx_word' id='word_1_103' title='bbox 737 2040 944 2101; x_wconf 79' lang='lat' dir='ltr'><strong>compensans,</strong></span> <span class='ocrx_word' id='word_1_104' title='bbox 960 2023 1043 2082; x_wconf 79' lang='lat' dir='ltr'><strong>lium.</strong></span> <span class='ocrx_word' id='word_1_105' title='bbox 1058 2023 1133 2082; x_wconf 80' lang='lat'>983:</span> <span class='ocrx_word' id='word_1_106' title='bbox 1155 2014 1237 2099; x_wconf 76' lang='grc' dir='ltr'><strong>μηδὲ</strong></span> <span class='ocrx_word' id='word_1_107' title='bbox 1250 2017 1375 2079; x_wconf 80' lang='grc' dir='ltr'><em>πιοῦσα</em></span> 
     </span>
     <span class='ocr_line' id='line_1_19' title="bbox 251 2106 1375 2201; baseline 0.001 -22"><span class='ocrx_word' id='word_1_108' title='bbox 251 2110 344 2191; x_wconf 86' lang='grc' dir='ltr'><em>κόνις</em></span> <span class='ocrx_word' id='word_1_109' title='bbox 376 2115 482 2199; x_wconf 79' lang='grc' dir='ltr'><em>μέλαν</em></span> <span class='ocrx_word' id='word_1_110' title='bbox 515 2110 594 2200; x_wconf 90' lang='grc' dir='ltr'><em>αίμα</em></span> <span class='ocrx_word' id='word_1_111' title='bbox 626 2121 773 2183; x_wconf 84' lang='grc' dir='ltr'><em>πολιτᾶν</em></span> <span class='ocrx_word' id='word_1_112' title='bbox 807 2108 848 2184; x_wconf 79' lang='grc' dir='ltr'><strong>δι’</strong></span> <span class='ocrx_word' id='word_1_113' title='bbox 880 2110 986 2201; x_wconf 86' lang='grc' dir='ltr'><em>όργάν</em></span> <span class='ocrx_word' id='word_1_114' title='bbox 1008 2112 1137 2192; x_wconf 35' lang='grc' dir='ltr'><em>’ποινάς</em></span> <span class='ocrx_word' id='word_1_115' title='bbox 1168 2106 1375 2197; x_wconf 88' lang='grc' dir='ltr'><em>ἀντιφόνους</em></span> 
     </span>
     <span class='ocr_line' id='line_1_20' title="bbox 250 2206 1375 2303; baseline 0.002 -22"><span class='ocrx_word' id='word_1_116' title='bbox 250 2210 331 2293; x_wconf 89' lang='grc' dir='ltr'><em>άτας</em></span> <span class='ocrx_word' id='word_1_117' title='bbox 367 2206 546 2301; x_wconf 87' lang='grc' dir='ltr'><em>άρπαλίσαι</em></span> <span class='ocrx_word' id='word_1_118' title='bbox 588 2214 727 2296; x_wconf 81' lang='grc' dir='ltr'><em>πόλεως.</em></span> <span class='ocrx_word' id='word_1_119' title='bbox 792 2225 994 2286; x_wconf 85' lang='lat' dir='ltr'><strong>Weckleinius</strong></span> <span class='ocrx_word' id='word_1_120' title='bbox 1029 2229 1117 2303; x_wconf 86' lang='lat' dir='ltr'><strong>putat</strong></span> <span class='ocrx_word' id='word_1_121' title='bbox 1153 2212 1274 2294; x_wconf 90' lang='grc' dir='ltr'><em>ποινάς</em></span> <span class='ocrx_word' id='word_1_122' title='bbox 1310 2241 1375 2283; x_wconf 92' lang='lat' dir='ltr'><strong>esse</strong></span> 
     </span>
     <span class='ocr_line' id='line_1_21' title="bbox 251 2310 1374 2406; baseline -0.003 -21"><span class='ocrx_word' id='word_1_123' title='bbox 251 2326 400 2400; x_wconf 82' lang='lat' dir='ltr'><strong>glossema</strong></span> <span class='ocrx_word' id='word_1_124' title='bbox 429 2331 459 2386; x_wconf 84' lang='lat' dir='ltr'><strong>et</strong></span> <span class='ocrx_word' id='word_1_125' title='bbox 481 2327 648 2388; x_wconf 84' lang='lat' dir='ltr'><strong>substituit:</strong></span> <span class='ocrx_word' id='word_1_126' title='bbox 678 2314 720 2386; x_wconf 73' lang='grc' dir='ltr'><strong>δι’</strong></span> <span class='ocrx_word' id='word_1_127' title='bbox 749 2312 856 2406; x_wconf 83' lang='grc' dir='ltr'><em>όργάν</em></span> <span class='ocrx_word' id='word_1_128' title='bbox 880 2316 1024 2405; x_wconf 74' lang='grc' dir='ltr'><em>(ἐχθρὰν)</em></span> <span class='ocrx_word' id='word_1_129' title='bbox 1050 2314 1256 2402; x_wconf 88' lang='grc' dir='ltr'><em>ἀντιφόνους</em></span> <span class='ocrx_word' id='word_1_130' title='bbox 1284 2310 1374 2397; x_wconf 88' lang='grc' dir='ltr'><em>άτας,</em></span> 
     </span>
     <span class='ocr_line' id='line_1_22' title="bbox 251 2412 1375 2506; baseline -0.001 -19"><span class='ocrx_word' id='word_1_131' title='bbox 251 2427 304 2488; x_wconf 84' lang='lat' dir='ltr'><strong>sed</strong></span> <span class='ocrx_word' id='word_1_132' title='bbox 327 2428 489 2489; x_wconf 82' lang='lat' dir='ltr'><strong>rectissime</strong></span> <span class='ocrx_word' id='word_1_133' title='bbox 506 2431 630 2490; x_wconf 87' lang='lat' dir='ltr'><strong>Weilius</strong></span> <span class='ocrx_word' id='word_1_134' title='bbox 653 2429 787 2490; x_wconf 84' lang='lat' dir='ltr'><strong>defendit</strong></span> <span class='ocrx_word' id='word_1_135' title='bbox 807 2432 887 2491; x_wconf 84' lang='lat' dir='ltr'><strong>hanc</strong></span> <span class='ocrx_word' id='word_1_136' title='bbox 901 2434 1091 2506; x_wconf 85' lang='lat' dir='ltr'><strong>structuram,</strong></span> <span class='ocrx_word' id='word_1_137' title='bbox 1113 2447 1178 2489; x_wconf 91' lang='lat' dir='ltr'><strong>cum</strong></span> <span class='ocrx_word' id='word_1_138' title='bbox 1203 2427 1273 2487; x_wconf 89' lang='lat' dir='ltr'><strong>dicit</strong></span> <span class='ocrx_word' id='word_1_139' title='bbox 1293 2412 1375 2497; x_wconf 83' lang='grc' dir='ltr'><em>άτας</em></span> 
     </span>
     <span class='ocr_line' id='line_1_23' title="bbox 250 2518 950 2609; baseline 0.006 -21"><span class='ocrx_word' id='word_1_140' title='bbox 250 2518 383 2601; x_wconf 84' lang='grc' dir='ltr'><em>πόλεως</em></span> <span class='ocrx_word' id='word_1_141' title='bbox 404 2549 459 2607; x_wconf 92' lang='lat' dir='ltr'><strong>per</strong></span> <span class='ocrx_word' id='word_1_142' title='bbox 481 2532 697 2609; x_wconf 88' lang='lat' dir='ltr'><strong>appositionem</strong></span> <span class='ocrx_word' id='word_1_143' title='bbox 721 2550 787 2594; x_wconf 86' lang='lat' dir='ltr'><strong>esse</strong></span> <span class='ocrx_word' id='word_1_144' title='bbox 808 2531 950 2602; x_wconf 68' lang='lat' dir='ltr'><strong>additui)</strong></span> 
     </span>
    </p>
   </div>
   <div class='ocr_carea' id='block_1_3' title="bbox 251 2692 1374 3347">
    <p class='ocr_par' dir='ltr' id='par_1_10' title="bbox 251 2692 1374 3347">
     <span class='ocr_line' id='line_1_24' title="bbox 768 2692 855 2762; baseline 0 0"><span class='ocrx_word' id='word_1_145' title='bbox 768 2692 855 2762; x_wconf 91' lang='grc' dir='ltr'><em>Από.</em></span> 
     </span>
     <span class='ocr_line' id='line_1_25' title="bbox 337 2819 1373 2899; baseline -0.003 -19"><span class='ocrx_word' id='word_1_146' title='bbox 337 2823 359 2880; x_wconf 92' lang='lat' dir='ltr'><strong>l.</strong></span> <span class='ocrx_word' id='word_1_147' title='bbox 392 2823 573 2899; x_wconf 86' lang='lat' dir='ltr'><strong>praepositio</strong></span> <span class='ocrx_word' id='word_1_148' title='bbox 596 2821 744 2899; x_wconf 80' lang='lat' dir='ltr'><strong>siguificat</strong></span> <span class='ocrx_word' id='word_1_149' title='bbox 766 2823 957 2882; x_wconf 85' lang='lat' dir='ltr'><strong>remotionem</strong></span> <span class='ocrx_word' id='word_1_150' title='bbox 980 2840 1018 2881; x_wconf 83' lang='lat' dir='ltr'><strong>ex</strong></span> <span class='ocrx_word' id='word_1_151' title='bbox 1041 2823 1108 2882; x_wconf 90' lang='lat' dir='ltr'><strong>loco</strong></span> <span class='ocrx_word' id='word_1_152' title='bbox 1123 2821 1251 2899; x_wconf 86' lang='lat' dir='ltr'><strong>quodam</strong></span> <span class='ocrx_word' id='word_1_153' title='bbox 1268 2821 1298 2879; x_wconf 94' lang='lat' dir='ltr'><strong>in</strong></span> <span class='ocrx_word' id='word_1_154' title='bbox 1313 2819 1373 2878; x_wconf 89' lang='lat' dir='ltr'><strong>his:</strong></span> 
     </span>
     <span class='ocr_line' id='line_1_26' title="bbox 339 2925 1213 3020; baseline 0.001 -21"><span class='ocrx_word' id='word_1_155' title='bbox 339 2925 538 3016; x_wconf 76' lang='grc' dir='ltr'><em>άπαλέξοο,</em></span> <span class='ocrx_word' id='word_1_156' title='bbox 562 2927 750 3019; x_wconf 82' lang='grc' dir='ltr'><em>ἀπείργοι,</em></span> <span class='ocrx_word' id='word_1_157' title='bbox 773 2928 992 3020; x_wconf 84' lang='grc' dir='ltr'><em>ἀποστεροό,</em></span> <span class='ocrx_word' id='word_1_158' title='bbox 1015 2926 1213 3001; x_wconf 78' lang='grc' dir='ltr'><em>ἀποσυλῶ.</em></span> 
     </span>
     <span class='ocr_line' id='line_1_27' title="bbox 337 3047 1374 3140; baseline -0.003 -19"><span class='ocrx_word' id='word_1_159' title='bbox 337 3047 504 3121; x_wconf 88' lang='grc' dir='ltr'><em>ἀποπτύοο</em></span> <span class='ocrx_word' id='word_1_160' title='bbox 526 3063 649 3140; x_wconf 89' lang='lat' dir='ltr'><strong>proprie</strong></span> <span class='ocrx_word' id='word_1_161' title='bbox 671 3061 798 3139; x_wconf 88' lang='lat' dir='ltr'><strong>despue,</strong></span> <span class='ocrx_word' id='word_1_162' title='bbox 826 3061 884 3139; x_wconf 85' lang='lat' dir='ltr'><strong>irg.</strong></span> <span class='ocrx_word' id='word_1_163' title='bbox 908 3064 983 3124; x_wconf 85' lang='lat'>354:</span> <span class='ocrx_word' id='word_1_164' title='bbox 1014 3047 1208 3121; x_wconf 86' lang='grc' dir='ltr'><em>ἀποπτύσαι</em></span> <span class='ocrx_word' id='word_1_165' title='bbox 1239 3056 1290 3120; x_wconf 81' lang='grc' dir='ltr'><em>δεῖ</em></span> <span class='ocrx_word' id='word_1_166' title='bbox 1317 3054 1374 3118; x_wconf 89' lang='grc' dir='ltr'><em>καὶ</em></span> 
     </span>
     <span class='ocr_line' id='line_1_28' title="bbox 251 3154 1374 3247; baseline -0.001 -24"><span class='ocrx_word' id='word_1_167' title='bbox 251 3155 469 3247; x_wconf 72' lang='grc' dir='ltr'><em>καθήρασθαι</em></span> <span class='ocrx_word' id='word_1_168' title='bbox 497 3154 617 3243; x_wconf 75' lang='grc' dir='ltr'><em>στόματ</em></span> <span class='ocrx_word' id='word_1_169' title='bbox 646 3165 715 3225; x_wconf 86' lang='lat' dir='ltr'><strong>Non</strong></span> <span class='ocrx_word' id='word_1_170' title='bbox 738 3164 796 3224; x_wconf 87' lang='lat' dir='ltr'><strong>aiio</strong></span> <span class='ocrx_word' id='word_1_171' title='bbox 819 3181 909 3225; x_wconf 89' lang='lat' dir='ltr'><strong>sensu</strong></span> <span class='ocrx_word' id='word_1_172' title='bbox 931 3164 1057 3242; x_wconf 88' lang='lat' dir='ltr'><strong>simplex</strong></span> <span class='ocrx_word' id='word_1_173' title='bbox 1079 3165 1212 3242; x_wconf 78' lang='lat' dir='ltr'><strong>ponitur,</strong></span> <span class='ocrx_word' id='word_1_174' title='bbox 1231 3168 1265 3225; x_wconf 91' lang='lat' dir='ltr'><strong>ut</strong></span> <span class='ocrx_word' id='word_1_175' title='bbox 1287 3164 1374 3223; x_wconf 89' lang='lat' dir='ltr'><strong>Hom.</strong></span> 
     </span>
     <span class='ocr_line' id='line_1_29' title="bbox 252 3253 1373 3347; baseline -0.004 -19"><span class='ocrx_word' id='word_1_176' title='bbox 252 3269 283 3328; x_wconf 89' lang='lat'><strong>11.</strong></span> <span class='ocrx_word' id='word_1_177' title='bbox 300 3271 350 3345; x_wconf 83' lang='grc'><strong>93,</strong></span> <span class='ocrx_word' id='word_1_178' title='bbox 366 3272 441 3330; x_wconf 80' lang='lat'><strong>697:</strong></span> <span class='ocrx_word' id='word_1_179' title='bbox 464 3266 544 3347; x_wconf 79' lang='grc' dir='ltr'><em>αἱμα</em></span> <span class='ocrx_word' id='word_1_180' title='bbox 565 3256 654 3344; x_wconf 85' lang='grc' dir='ltr'><em>παχύ</em></span> <span class='ocrx_word' id='word_1_181' title='bbox 668 3253 832 3326; x_wconf 88' lang='grc' dir='ltr'><em>πτύοντα.</em></span> <span class='ocrx_word' id='word_1_182' title='bbox 863 3267 1063 3344; x_wconf 79' lang='lat' dir='ltr'><strong>Frequentius</strong></span> <span class='ocrx_word' id='word_1_183' title='bbox 1078 3270 1163 3326; x_wconf 85' lang='lat' dir='ltr'><strong>notat-</strong></span> <span class='ocrx_word' id='word_1_184' title='bbox 1178 3268 1373 3343; x_wconf 87' lang='lat' dir='ltr'><strong>compositum</strong></span> 
     </span>
    </p>
   </div>
   <div class='ocr_carea' id='block_1_4' title="bbox 250 3354 1374 3552">
    <p class='ocr_par' dir='ltr' id='par_1_11' title="bbox 250 3354 1374 3552">
     <span class='ocr_line' id='line_1_30' title="bbox 252 3354 1374 3449; baseline 0 -19"><span class='ocrx_word' id='word_1_185' title='bbox 252 3372 396 3432; x_wconf 85' lang='lat' dir='ltr'><strong>translate</strong></span> <span class='ocrx_word' id='word_1_186' title='bbox 417 3366 553 3449; x_wconf 83' lang='lat' dir='ltr'><strong>‘respuo&#39;‚</strong></span> <span class='ocrx_word' id='word_1_187' title='bbox 567 3376 600 3432; x_wconf 89' lang='lat' dir='ltr'><strong>ut</strong></span> <span class='ocrx_word' id='word_1_188' title='bbox 615 3373 699 3431; x_wconf 80' lang='lat' dir='ltr'><strong>llum.</strong></span> <span class='ocrx_word' id='word_1_189' title='bbox 714 3374 789 3433; x_wconf 81' lang='lat'><strong>303:</strong></span> <span class='ocrx_word' id='word_1_190' title='bbox 815 3354 1001 3439; x_wconf 85' lang='grc' dir='ltr'><em>ἀποπτύεις</em></span> <span class='ocrx_word' id='word_1_191' title='bbox 1017 3359 1147 3448; x_wconf 86' lang='grc' dir='ltr'><em>λόγους,</em></span> <span class='ocrx_word' id='word_1_192' title='bbox 1169 3370 1266 3430; x_wconf 85' lang='lat' dir='ltr'><strong>Prom.</strong></span> <span class='ocrx_word' id='word_1_193' title='bbox 1284 3372 1374 3432; x_wconf 87' lang='lat'>1103.</span> 
     </span>
     <span class='ocr_line' id='line_1_31' title="bbox 250 3474 731 3552; baseline -0.002 -18"><span class='ocrx_word' id='word_1_194' title='bbox 250 3474 442 3551; x_wconf 81' lang='lat' dir='ltr'><strong>Agam.970‚</strong></span> <span class='ocrx_word' id='word_1_195' title='bbox 458 3478 549 3552; x_wconf 94' lang='grc'><strong>1191,</strong></span> <span class='ocrx_word' id='word_1_196' title='bbox 571 3474 644 3535; x_wconf 80' lang='lat' dir='ltr'><strong>Gho.</strong></span> <span class='ocrx_word' id='word_1_197' title='bbox 661 3477 731 3535; x_wconf 89' lang='grc'><strong>196.</strong></span> 
     </span>
    </p>
   </div>
   <div class='ocr_carea' id='block_1_5' title="bbox 253 3592 1374 3775">
    <p class='ocr_par' dir='ltr' id='par_1_12' title="bbox 253 3592 1374 3775">
     <span class='ocr_line' id='line_1_32' title="bbox 336 3592 1373 3673; baseline -0.003 -19"><span class='ocrx_word' id='word_1_198' title='bbox 336 3594 433 3654; x_wconf 80' lang='lat' dir='ltr'><strong>Etiam</strong></span> <span class='ocrx_word' id='word_1_199' title='bbox 457 3594 583 3673; x_wconf 88' lang='lat' dir='ltr'><strong>simplex</strong></span> <span class='ocrx_word' id='word_1_200' title='bbox 605 3596 704 3655; x_wconf 75' lang='lat' dir='ltr'><strong>radus</strong></span> <span class='ocrx_word' id='word_1_201' title='bbox 726 3592 803 3653; x_wconf 91' lang='lat' dir='ltr'><strong>idem</strong></span> <span class='ocrx_word' id='word_1_202' title='bbox 821 3597 913 3670; x_wconf 80' lang='lat' dir='ltr'><strong>notat,</strong></span> <span class='ocrx_word' id='word_1_203' title='bbox 935 3593 1115 3653; x_wconf 78' lang='lat' dir='ltr'><strong>fortassean</strong></span> <span class='ocrx_word' id='word_1_204' title='bbox 1134 3592 1373 3667; x_wconf 80' lang='lat' dir='ltr'><strong>analogiaverbi</strong></span> 
     </span>
     <span class='ocr_line' id='line_1_33' title="bbox 253 3685 1374 3775; baseline -0.002 -18"><span class='ocrx_word' id='word_1_205' title='bbox 253 3697 422 3775; x_wconf 91' lang='lat' dir='ltr'><strong>compositi:</strong></span> <span class='ocrx_word' id='word_1_206' title='bbox 444 3696 534 3773; x_wconf 85' lang='lat' dir='ltr'><strong>Soph.</strong></span> <span class='ocrx_word' id='word_1_207' title='bbox 549 3697 618 3757; x_wconf 82' lang='lat' dir='ltr'><strong>Ant.</strong></span> <span class='ocrx_word' id='word_1_208' title='bbox 634 3699 709 3759; x_wconf 83' lang='lat'><strong>653:</strong></span> <span class='ocrx_word' id='word_1_209' title='bbox 730 3685 859 3767; x_wconf 88' lang='grc' dir='ltr'><em>πτύσας</em></span> <span class='ocrx_word' id='word_1_210' title='bbox 881 3688 961 3754; x_wconf 76' lang='lat' dir='ltr'><strong>obesi</strong></span> <span class='ocrx_word' id='word_1_211' title='bbox 982 3711 1019 3754; x_wconf 87' lang='grc' dir='ltr'><strong>τε</strong></span> <span class='ocrx_word' id='word_1_212' title='bbox 1035 3687 1189 3774; x_wconf 79' lang='grc' dir='ltr'><em>δυσμενῆ,</em></span> <span class='ocrx_word' id='word_1_213' title='bbox 1213 3693 1374 3755; x_wconf 85' lang='lat' dir='ltr'><strong>sonaliter</strong></span> 
     </span>
    </p>
   </div>
   <div class='ocr_carea' id='block_1_6' title="bbox 250 3901 1374 4237">
    <p class='ocr_par' dir='ltr' id='par_1_13' title="bbox 338 3901 1051 3981">
     <span class='ocr_line' id='line_1_34' title="bbox 338 3901 1051 3981; baseline -0.001 -15"><span class='ocrx_word' id='word_1_214' title='bbox 338 3915 361 3979; x_wconf 90' lang='lat'><strong>¹)</strong></span> <span class='ocrx_word' id='word_1_215' title='bbox 378 3909 510 3966; x_wconf 85' lang='lat' dir='ltr'><strong>Auratus</strong></span> <span class='ocrx_word' id='word_1_216' title='bbox 523 3927 574 3980; x_wconf 91' lang='lat' dir='ltr'><strong>pro</strong></span> <span class='ocrx_word' id='word_1_217' title='bbox 592 3916 723 3981; x_wconf 89' lang='lat' dir='ltr'><strong>corrupto</strong></span> <span class='ocrx_word' id='word_1_218' title='bbox 742 3903 777 3966; x_wconf 87' lang='grc' dir='ltr'><em>άν</em></span> <span class='ocrx_word' id='word_1_219' title='bbox 795 3901 851 3980; x_wconf 81' lang='grc' dir='ltr'><em>[αὖ]</em></span> <span class='ocrx_word' id='word_1_220' title='bbox 870 3904 991 3965; x_wconf 79' lang='grc' dir='ltr'><em>θάνοιεν</em></span> <span class='ocrx_word' id='word_1_221' title='bbox 1008 3903 1051 3965; x_wconf 76' lang='grc' dir='ltr'><em>ἄν.</em></span> 
     </span>
    </p>

    <p class='ocr_par' dir='ltr' id='par_1_14' title="bbox 336 3988 1089 4064">
     <span class='ocr_line' id='line_1_35' title="bbox 336 3988 1089 4064; baseline 0.003 -16"><span class='ocrx_word' id='word_1_222' title='bbox 336 3998 359 4062; x_wconf 76' lang='lat'><strong>²)</strong></span> <span class='ocrx_word' id='word_1_223' title='bbox 377 3996 413 4049; x_wconf 92' lang='lat' dir='ltr'><strong>de</strong></span> <span class='ocrx_word' id='word_1_224' title='bbox 431 3996 493 4050; x_wconf 90' lang='lat' dir='ltr'><strong>looc</strong></span> <span class='ocrx_word' id='word_1_225' title='bbox 511 3995 596 4050; x_wconf 88' lang='lat' dir='ltr'><strong>dubio</strong></span> <span class='ocrx_word' id='word_1_226' title='bbox 613 3994 694 4049; x_wconf 89' lang='lat' dir='ltr'><strong>Prom</strong></span> <span class='ocrx_word' id='word_1_227' title='bbox 713 3999 771 4063; x_wconf 81' lang='lat'><strong>239,</strong></span> <span class='ocrx_word' id='word_1_228' title='bbox 790 4010 812 4049; x_wconf 88' lang='lat' dir='ltr'><strong>s.</strong></span> <span class='ocrx_word' id='word_1_229' title='bbox 825 4010 852 4049; x_wconf 86' lang='lat' dir='ltr'><strong>v.</strong></span> <span class='ocrx_word' id='word_1_230' title='bbox 871 3988 1089 4064; x_wconf 80' lang='grc' dir='ltr'><em>ἐξαμείβεσθαι.</em></span> 
     </span>
    </p>

    <p class='ocr_par' dir='ltr' id='par_1_15' title="bbox 250 4078 1374 4237">
     <span class='ocr_line' id='line_1_36' title="bbox 336 4078 1374 4147; baseline -0.003 -13"><span class='ocrx_word' id='word_1_231' title='bbox 336 4082 360 4147; x_wconf 83' lang='lat'><strong>³)</strong></span> <span class='ocrx_word' id='word_1_232' title='bbox 376 4080 551 4135; x_wconf 85' lang='lat' dir='ltr'><strong>Hermanuus</strong></span> <span class='ocrx_word' id='word_1_233' title='bbox 580 4080 748 4135; x_wconf 86' lang='lat' dir='ltr'><strong>deteriorum</strong></span> <span class='ocrx_word' id='word_1_234' title='bbox 772 4079 899 4135; x_wconf 90' lang='lat' dir='ltr'><strong>codicum</strong></span> <span class='ocrx_word' id='word_1_235' title='bbox 923 4079 1043 4134; x_wconf 88' lang='lat' dir='ltr'><strong>lectione</strong></span> <span class='ocrx_word' id='word_1_236' title='bbox 1068 4082 1181 4143; x_wconf 83' lang='grc' dir='ltr'><em>ποιναῖς</em></span> <span class='ocrx_word' id='word_1_237' title='bbox 1199 4078 1317 4147; x_wconf 86' lang='lat' dir='ltr'><strong>probata</strong></span> <span class='ocrx_word' id='word_1_238' title='bbox 1334 4079 1374 4132; x_wconf 91' lang='lat' dir='ltr'><strong>in-</strong></span> 
     </span>
     <span class='ocr_line' id='line_1_37' title="bbox 250 4156 1203 4237; baseline -0.003 -17"><span class='ocrx_word' id='word_1_239' title='bbox 250 4170 432 4235; x_wconf 86' lang='lat' dir='ltr'><strong>terpretatur:</strong></span> <span class='ocrx_word' id='word_1_240' title='bbox 451 4157 486 4219; x_wconf 60' lang='grc' dir='ltr'><strong>δι)</strong></span> <span class='ocrx_word' id='word_1_241' title='bbox 503 4157 597 4236; x_wconf 81' lang='grc' dir='ltr'><em>όργάν</em></span> <span class='ocrx_word' id='word_1_242' title='bbox 614 4171 664 4235; x_wconf 82' lang='grc' dir='ltr'><em>τῆς</em></span> <span class='ocrx_word' id='word_1_243' title='bbox 681 4171 781 4235; x_wconf 81' lang='grc' dir='ltr'><em>κοινῆς</em></span> <span class='ocrx_word' id='word_1_244' title='bbox 799 4157 957 4237; x_wconf 82' lang='grc' dir='ltr'><em>ἁρπαλίσαι</em></span> <span class='ocrx_word' id='word_1_245' title='bbox 976 4157 1068 4233; x_wconf 84' lang='grc' dir='ltr'><em>άντιφ.</em></span> <span class='ocrx_word' id='word_1_246' title='bbox 1082 4156 1126 4220; x_wconf 87' lang='grc' dir='ltr'><em>άτ.</em></span> <span class='ocrx_word' id='word_1_247' title='bbox 1138 4159 1203 4218; x_wconf 80' lang='grc' dir='ltr'><em>πόλ.</em></span> 
     </span>
    </p>
   </div>
   <div class='ocr_carea' id='block_1_7' title="bbox 0 0 1602 4792">
    <p class='ocr_par' dir='ltr' id='par_1_16' title="bbox 0 0 1602 4792">
     <span class='ocr_line' id='line_1_38' title="bbox 0 0 1602 4792; baseline 0 0"><span class='ocrx_word' id='word_1_248' title='bbox 0 0 1602 4792; x_wconf 95' lang='lat' dir='ltr'><strong> </strong></span> 
     </span>
    </p>
   </div>
  </div>
 </body>
</html>
