3196 4792
235 233 274 290 12

234 395 414 473 scripturam
444 414 508 458 oum
532 396 1162 476 Diodorfio,Kirchholtio,Weckleini01)
1185 401 1359 479 retinemus,

234 500 412 561 scholiastae
441 500 717 576 interpretationem
746 488 830 577 όψιν
852 486 942 581 όὴθη
965 482 1113 579 δρῶντες
1142 508 1263 565 secutus
1285 497 1356 564 ἐσο-

235 598 363 680 ρώντες
393 620 459 661 cum
490 586 571 679 όψιν
602 602 752 680 coniunge
782 608 812 664 et
833 588 939 677 βοτόν
961 597 990 662 δ.
1005 622 1039 682 μ.
1062 623 1117 683 ρετ
1139 606 1355 684 appositionem

236 721 302 765 esse
324 704 422 781 posita
444 703 589 764 arbitror:

324 823 475 895 „homines
497 826 611 885 terrore
634 825 899 902 concutiebantur,
928 826 1056 901 speciem
1086 827 1257 888 inusitatam
1287 846 1357 890 con·

236 925 406 1003 spicientes,
430 925 524 985 feram
547 925 737 1004 horrendam,
759 928 878 986 mixtam
902 946 969 988 cum
992 929 1124 988 humana
1144 928 1268 1006 ligura.“
1312 978 1314 981 .

321 1047 419 1107 Prom.
434 1049 508 1109 443:
531 1036 640 1124 μόνον
662 1036 703 1126 δὴ
725 1036 879 1125 πρόσθεν
901 1032 1006 1106 ἄλλον
1029 1039 1066 1107 ἐν
1088 1038 1209 1119 πόνοις
1224 1034 1357 1127 δαμέντ’

236 1134 518 1226 ἀδαμαντοδέτοις
560 1146 679 1208 Τιτᾶνα
714 1137 832 1227 λύμαις
866 1139 1036 1227 εἰσιδόμαν
1070 1140 1156 1210 θεόν
1183 1138 1358 1213 Ἄτλαντας

236 1250 426 1315 Oceanitides
448 1249 618 1311 Promethei
648 1255 757 1312 sortem
789 1269 855 1310 cum
886 1255 965 1311 sorte
994 1252 1120 1313 aliorum
1151 1258 1358 1331 comparantes

236 1354 404 1416 exclamant
435 1370 597 1428 numquam
626 1353 818 1414 sevidisse
849 1353 971 1413 similem
995 1359 1123 1433 excepto
1146 1374 1206 1416 uno
1228 1356 1358 1417 Atlante.

321 1475 509 1533 Prom.199:
538 1465 630 1531 δέδια
652 1462 714 1550 γὰρ
737 1457 822 1550 ἀμφὶ
844 1477 916 1542 σαῖς
937 1464 1053 1551 τύχαις
1073 1471 1124 1558 πᾷ
1145 1491 1229 1534 ποτε
1251 1471 1357 1536 τῶνδε

235 1562 355 1636 πόνοον
376 1561 438 1654 χρή
461 1588 496 1633 σε
519 1568 621 1652 τέρμα
644 1559 797 1634 κέλσαντ’
820 1566 949 1635 ἐσιδεῖν.

322 1695 419 1755 Prom.
437 1697 530 1755 1127:
552 1686 671 1774 ἐσορᾷς
691 1678 725 1772 μ’
747 1676 795 1765 orig
817 1683 932 1752 ’ἔκδικα
953 1684 1081 1773 πάσχω.

322 1815 360 1874 ll.
394 1814 522 1890 simplex
554 1817 584 1874 et
612 1814 808 1890 compositum
838 1814 903 1874 sine
933 1814 994 1875 nllo
1027 1816 1156 1876 notionis
1189 1815 1358 1876 discrimine

237 1920 436 1995 usurpantur:

322 2022 405 2079 Pers.
423 2021 497 2081 208:
521 2001 593 2097 δροό
615 2011 651 2077 δέ
672 2003 831 2096 φεύγοντ’
852 2010 968 2077 αἰετόν
988 2008 1074 2096 πρὸς
1097 2007 1246 2097 ἐσχάραν.

322 2123 405 2182 Pers.
420 2125 496 2183 210:
527 2113 648 2197 εἰσορῶ
667 2109 878 2199 μεθύστερον
900 2113 935 2180 δὲ
956 2114 1076 2199 κίρκον
1099 2112 1357 2199 ἐφορμαίνοντα.

322 2225 405 2284 Pers.
422 2228 495 2285 213:
517 2209 612 2281 ταῦτ’
635 2212 744 2300 ἔμοιγε
761 2204 885 2300 δείματ’
906 2216 1049 2294 εἰσιδεῖν,
1071 2208 1152 2302 ύμῖν
1167 2207 1196 2281 δ
1211 2208 1358 2309 όντούειν.

323 2326 435 2386 liodem
458 2325 558 2386 refero
580 2326 663 2384 Pers.
682 2328 754 2386 182:
785 2307 859 2382 ἀλλ’
892 2312 969 2383 ούτι
997 2342 1054 2383 ποο
1076 2309 1203 2384 τοιόνδ’
1225 2317 1359 2403 ἐναργὲς

238 2418 373 2508 εἰδόμην
402 2416 447 2499 ὡς
475 2424 533 2508 τῆς
560 2416 732 2504 πάροιθεν
761 2413 930 2507 εύφρόνης
960 2433 990 2488 et
1019 2428 1127 2489 deinde
1149 2447 1178 2488 v.
1200 2430 1273 2489 203:
1302 2421 1359 2485 καὶ

237 2527 344 2590 ταῦτα
366 2524 428 2608 μὲν
450 2519 490 2610 δὴ
513 2519 635 2599 νυκτός
658 2522 791 2588 εἰσιδεῖν
814 2522 910 2607 λέγω.

323 2633 421 2692 Minus
444 2637 526 2692 certa
548 2631 686 2708 exempla
708 2636 777 2692 sunt
799 2631 887 2691 haec:
915 2632 999 2691 Pers.
1023 2634 1097 2693 916:
1128 2624 1263 2690 λέλυται
1294 2617 1358 2710 γὰρ

238 2728 328 2812 ἐμῶν
351 2728 458 2812 γυίων
480 2724 572 2813 ῥοόμη
594 2718 691 2812 τήνδ’
712 2717 846 2815 ἡλικίαν
867 2719 1010 2797 ἐσιδόντ’
1035 2719 1161 2792 οἰστῶνε
1184 2728 1239 2794 His‘
1260 2733 1359 2794 verbis

237 2838 404 2897 enimcum
428 2836 594 2897 Xerxesin
618 2854 737 2897 scenam
767 2836 906 2913 prodeat,
936 2822 1103 2895 εἰσιδόντα
1132 2835 1260 2896 fortasse
1289 2839 1359 2914 apte

237 2942 279 3001 ita
295 2940 570 3017 interpretabimur:
593 2940 802 3018 cumprimum
825 2941 982 3018 conspexit
1003 2957 1099 3012 senes,
1122 2958 1199 3017 qnos
1219 2938 1290 2999 tiliis
1313 2957 1359 3000 or·

238 3043 329 3122 bavit,
351 3042 477 3104 effundit
498 3043 553 3103 has
575 3043 721 3120 querelas.

325 3228 347 3291 1)
364 3239 431 3279 sane
455 3225 569 3293 quidem
593 3225 718 3279 trimeter
741 3224 877 3279 iambicus
899 3218 1208 3297 βοτὸν-μιξόμβροτον
1232 3222 1360 3277 differta

237 3325 322 3365 versu
340 3310 485 3379 strophae:

238 3517 336 3585 ltaque
360 3515 536 3571 llermannus
561 3517 808 3585 interpretamento
836 3508 997 3585 ἐσορῶντες
1020 3510 1169 3580 genuinum
1194 3510 1358 3566 vocabulum

239 3608 271 3656 ut
295 3596 440 3672 κακόχαρι
465 3602 612 3671 expulsum
638 3616 701 3656 esse
723 3608 800 3656 ratus
823 3600 950 3668 scripsit:
974 3593 1064 3669 βοτὸν
1087 3587 1230 3667 κακόχαρι
1252 3611 1275 3652 e.
1292 3611 1319 3665 q.
1337 3611 1360 3650 s.

238 3687 294 3743 Sed
318 3688 370 3742 hoc
389 3688 557 3743 vocabulum
581 3702 718 3756 nusquam
742 3686 807 3741 alibi
832 3686 935 3753 legitur
955 3691 985 3739 et
1002 3684 1172 3739 constructio
1189 3681 1271 3737 valde
1288 3681 1360 3736 dura

131 3818 134 3823 .
238 3772 272 3827 fit
289 3774 435 3842 permultis
452 3773 623 3828 accusativis
641 3772 676 3827 ab
694 3788 750 3827 uno
768 3771 854 3828 verbo
871 3769 1069 3840 pendentibus.
1099 3766 1286 3823 Oberdicklus
1297 3781 1360 3835 pro·

238 3861 329 3930 ponit:
356 3851 482 3931 βόσκημ’
507 3851 635 3930 δρῶντες
660 3873 684 3912 e.
704 3873 731 3927 q.
748 3873 771 3913 s.
806 3856 939 3912 Similiter
956 3854 1171 3921 lleimsoctltius,
1195 3852 1213 3907 l.
1225 3851 1242 3906 l.
1254 3867 1282 3921 p.
1295 3856 1359 3920 4873

240 3947 290 4001 sed
307 3940 397 4017 βοτὸν
414 3946 554 4014 glossema
570 3960 633 3999 esse
650 3943 723 3998 falso
741 3944 852 4011 dicunt,
878 3957 940 3997 cnm
963 3956 998 3996 ex
1017 3938 1155 3996 contrario
1173 3930 1262 4008 βοτὸν
1280 3952 1360 3993 voca-

239 4030 307 4086 bulo
323 4025 460 4102 βόσκημα
478 4030 646 4100 explanetur
661 4028 697 4085 cf.
710 4028 806 4096 Apoll.
818 4028 871 4082 lex
884 4030 925 4093 52,
938 4031 962 4093 6,
980 4023 1099 4095 Hesych.
1111 4039 1132 4078 s.
1145 4039 1172 4079 v.
1190 4053 1223 4062 -
1242 4021 1359 4077 Weillus

239 4121 316 4172 tenet
334 4111 460 4186 εἰσορᾶν,
480 4114 530 4169 sed
548 4114 639 4168 omnia
651 4118 831 4168 transmutat:
848 4106 1047 4181 μιξόμβροτον
1065 4102 1207 4180 ἐσορῶντι
1224 4104 1360 4176 δυσχερὲς

237 4196 336 4271 βοτόν,
1104 4212 1118 4221 ·“
