<?xml version="1.0" encoding="UTF-8"?>
<!DOCTYPE html PUBLIC "-//W3C//DTD XHTML 1.0 Transitional//EN"
    "http://www.w3.org/TR/xhtml1/DTD/xhtml1-transitional.dtd">
<html xmlns="http://www.w3.org/1999/xhtml" xml:lang="en" lang="en">
 <head>
  <title>
</title>
<meta http-equiv="Content-Type" content="text/html;charset=utf-8" />
  <meta name='ocr-system' content='tesseract 3.04.00' />
  <meta name='ocr-capabilities' content='ocr_page ocr_carea ocr_par ocr_line ocrx_word'/>
</head>
<body>
  <div class='ocr_page' id='page_1' title='image "./quaestionesaesc00lessgoog_0046.png"; bbox 0 0 3196 4792; ppageno 0'>
   <div class='ocr_carea' id='block_1_1' title="bbox 1324 214 1364 274">
    <p class='ocr_par' dir='ltr' id='par_1_1' title="bbox 1324 214 1364 274">
     <span class='ocr_line' id='line_1_1' title="bbox 1324 214 1364 274; baseline 0.025 -1"><span class='ocrx_word' id='word_1_1' title='bbox 1324 214 1364 274; x_wconf 81' lang='lat'><strong>37</strong></span> 
     </span>
    </p>
   </div>
   <div class='ocr_carea' id='block_1_2' title="bbox 244 380 1370 1588">
    <p class='ocr_par' dir='ltr' id='par_1_2' title="bbox 244 380 1368 560">
     <span class='ocr_line' id='line_1_2' title="bbox 330 380 1368 461; baseline 0 -20"><span class='ocrx_word' id='word_1_2' title='bbox 330 380 468 441; x_wconf 78' lang='lat' dir='ltr'><strong>Ceterum</strong></span> <span class='ocrx_word' id='word_1_3' title='bbox 500 382 663 459; x_wconf 89' lang='lat' dir='ltr'><strong>composito</strong></span> <span class='ocrx_word' id='word_1_4' title='bbox 694 382 787 442; x_wconf 88' lang='lat' dir='ltr'><strong>utitur</strong></span> <span class='ocrx_word' id='word_1_5' title='bbox 820 384 907 442; x_wconf 88' lang='lat' dir='ltr'><strong>etiam</strong></span> <span class='ocrx_word' id='word_1_6' title='bbox 939 382 1029 461; x_wconf 79' lang='lat' dir='ltr'><strong>Soph.</strong></span> <span class='ocrx_word' id='word_1_7' title='bbox 1053 381 1128 444; x_wconf 86' lang='lat' dir='ltr'><strong>Oed.</strong></span> <span class='ocrx_word' id='word_1_8' title='bbox 1150 385 1183 443; x_wconf 87' lang='lat' dir='ltr'><strong>R.</strong></span> <span class='ocrx_word' id='word_1_9' title='bbox 1208 387 1287 446; x_wconf 79' lang='lat'><strong>783:</strong></span> <span class='ocrx_word' id='word_1_10' title='bbox 1319 400 1368 461; x_wconf 85' lang='grc' dir='ltr'><strong>τῳ</strong></span> 
     </span>
     <span class='ocr_line' id='line_1_3' title="bbox 244 467 1121 560; baseline 0.005 -20"><span class='ocrx_word' id='word_1_11' title='bbox 244 475 380 560; x_wconf 76' lang='grc' dir='ltr'><strong><em>μεθέντι</em></strong></span> <span class='ocrx_word' id='word_1_12' title='bbox 402 472 464 541; x_wconf 90' lang='grc' dir='ltr'><strong>τόν</strong></span> <span class='ocrx_word' id='word_1_13' title='bbox 488 467 592 560; x_wconf 79' lang='grc' dir='ltr'><strong><em>λόγον</em></strong></span> <span class='ocrx_word' id='word_1_14' title='bbox 613 486 643 543; x_wconf 87' lang='lat' dir='ltr'><strong>at</strong></span> <span class='ocrx_word' id='word_1_15' title='bbox 666 482 907 559; x_wconf 81' lang='lat' dir='ltr'><strong>Eur.f1·g.1031</strong></span> <span class='ocrx_word' id='word_1_16' title='bbox 932 481 1121 557; x_wconf 81' lang='lat' dir='ltr'><strong>(Nauckius).</strong></span> 
     </span>
    </p>

    <p class='ocr_par' dir='ltr' id='par_1_3' title="bbox 245 583 1369 861">
     <span class='ocr_line' id='line_1_4' title="bbox 330 583 1369 664; baseline 0.004 -20"><span class='ocrx_word' id='word_1_17' title='bbox 330 583 420 663; x_wconf 80' lang='lat' dir='ltr'><strong>Apud</strong></span> <span class='ocrx_word' id='word_1_18' title='bbox 432 585 613 662; x_wconf 80' lang='lat' dir='ltr'><strong>Aeschylum</strong></span> <span class='ocrx_word' id='word_1_19' title='bbox 630 586 791 663; x_wconf 89' lang='lat' dir='ltr'><strong>composito</strong></span> <span class='ocrx_word' id='word_1_20' title='bbox 808 588 882 646; x_wconf 88' lang='lat' dir='ltr'><strong>haec</strong></span> <span class='ocrx_word' id='word_1_21' title='bbox 894 587 1013 647; x_wconf 86' lang='lat' dir='ltr'><strong>videtur</strong></span> <span class='ocrx_word' id='word_1_22' title='bbox 1027 588 1074 646; x_wconf 87' lang='lat' dir='ltr'><strong>vis</strong></span> <span class='ocrx_word' id='word_1_23' title='bbox 1088 588 1196 664; x_wconf 84' lang='lat' dir='ltr'><strong>inesse,</strong></span> <span class='ocrx_word' id='word_1_24' title='bbox 1213 592 1246 649; x_wconf 88' lang='lat' dir='ltr'><strong>ut</strong></span> <span class='ocrx_word' id='word_1_25' title='bbox 1261 587 1369 649; x_wconf 92' lang='lat' dir='ltr'><strong>chorus</strong></span> 
     </span>
     <span class='ocr_line' id='line_1_5' title="bbox 245 687 1368 767; baseline 0.002 -20"><span class='ocrx_word' id='word_1_26' title='bbox 245 687 326 747; x_wconf 85' lang='lat' dir='ltr'><strong>dicat</strong></span> <span class='ocrx_word' id='word_1_27' title='bbox 361 687 462 748; x_wconf 85' lang='lat' dir='ltr'><strong>vinclo</strong></span> <span class='ocrx_word' id='word_1_28' title='bbox 501 705 639 747; x_wconf 89' lang='lat' dir='ltr'><strong>curarum</strong></span> <span class='ocrx_word' id='word_1_29' title='bbox 677 688 805 748; x_wconf 88' lang='lat' dir='ltr'><strong>solutum</strong></span> <span class='ocrx_word' id='word_1_30' title='bbox 844 694 962 749; x_wconf 85' lang='lat' dir='ltr'><strong>cautum</strong></span> <span class='ocrx_word' id='word_1_31' title='bbox 1000 689 1156 767; x_wconf 85' lang='lat' dir='ltr'>lugubrem</span> <span class='ocrx_word' id='word_1_32' title='bbox 1194 691 1368 751; x_wconf 89' lang='lat' dir='ltr'><strong>emissurum</strong></span> 
     </span>
     <span class='ocr_line' id='line_1_6' title="bbox 245 787 408 861; baseline 0 -12"><span class='ocrx_word' id='word_1_33' title='bbox 245 807 276 849; x_wconf 92' lang='lat' dir='ltr'><strong>se</strong></span> <span class='ocrx_word' id='word_1_34' title='bbox 300 807 375 850; x_wconf 87' lang='lat' dir='ltr'><strong>esse.</strong></span> <span class='ocrx_word' id='word_1_35' title='bbox 385 787 408 861; x_wconf 85' lang='lat'><strong>¹)</strong></span> 
     </span>
    </p>

    <p class='ocr_par' dir='ltr' id='par_1_4' title="bbox 330 885 1316 971">
     <span class='ocr_line' id='line_1_7' title="bbox 330 885 1316 971; baseline 0.003 -20"><span class='ocrx_word' id='word_1_36' title='bbox 330 891 456 952; x_wconf 90' lang='lat' dir='ltr'><strong>Duobus</strong></span> <span class='ocrx_word' id='word_1_37' title='bbox 480 892 554 952; x_wconf 90' lang='lat' dir='ltr'><strong>locis</strong></span> <span class='ocrx_word' id='word_1_38' title='bbox 576 885 714 971; x_wconf 83' lang='grc' dir='ltr'><strong><em>μεθίημι</em></strong></span> <span class='ocrx_word' id='word_1_39' title='bbox 736 893 766 952; x_wconf 90' lang='lat' dir='ltr'><strong>irr</strong></span> <span class='ocrx_word' id='word_1_40' title='bbox 790 892 910 953; x_wconf 88' lang='lat' dir='ltr'><strong>dubium</strong></span> <span class='ocrx_word' id='word_1_41' title='bbox 933 898 1060 953; x_wconf 84' lang='lat' dir='ltr'><strong>vocatur</strong></span> <span class='ocrx_word' id='word_1_42' title='bbox 1082 893 1119 954; x_wconf 91' lang='lat' dir='ltr'><strong>ah</strong></span> <span class='ocrx_word' id='word_1_43' title='bbox 1142 893 1316 956; x_wconf 82' lang='lat' dir='ltr'><strong>editoribus.</strong></span> 
     </span>
    </p>

    <p class='ocr_par' dir='ltr' id='par_1_5' title="bbox 245 977 1370 1258">
     <span class='ocr_line' id='line_1_8' title="bbox 330 977 1370 1075; baseline 0.002 -20"><span class='ocrx_word' id='word_1_44' title='bbox 330 993 403 1055; x_wconf 83' lang='lat' dir='ltr'><strong>(ltro.</strong></span> <span class='ocrx_word' id='word_1_45' title='bbox 419 996 492 1056; x_wconf 77' lang='lat'>657:</span> <span class='ocrx_word' id='word_1_46' title='bbox 516 977 587 1072; x_wconf 80' lang='grc' dir='ltr'><strong><em>οόρα</em></strong></span> <span class='ocrx_word' id='word_1_47' title='bbox 611 977 640 1052; x_wconf 73' lang='grc' dir='ltr'><strong>δ’</strong></span> <span class='ocrx_word' id='word_1_48' title='bbox 655 983 814 1072; x_wconf 77' lang='grc' dir='ltr'><strong><em>ἐμπόροις</em></strong></span> <span class='ocrx_word' id='word_1_49' title='bbox 828 988 982 1072; x_wconf 76' lang='grc' dir='ltr'><strong><em>μεθιέναι</em></strong></span> <span class='ocrx_word' id='word_1_50' title='bbox 998 980 1157 1073; x_wconf 75' lang='grc' dir='ltr'><strong><em>ἄγκυραν,</em></strong></span> <span class='ocrx_word' id='word_1_51' title='bbox 1181 995 1232 1056; x_wconf 92' lang='lat' dir='ltr'><strong>ubi</strong></span> <span class='ocrx_word' id='word_1_52' title='bbox 1247 1001 1370 1075; x_wconf 86' lang='lat' dir='ltr'><strong>praeter</strong></span> 
     </span>
     <span class='ocr_line' id='line_1_9' title="bbox 245 1095 1369 1173; baseline 0.003 -17"><span class='ocrx_word' id='word_1_53' title='bbox 245 1098 448 1156; x_wconf 87' lang='lat' dir='ltr'><strong>Hermauuum</strong></span> <span class='ocrx_word' id='word_1_54' title='bbox 473 1101 504 1156; x_wconf 92' lang='lat' dir='ltr'><strong>et</strong></span> <span class='ocrx_word' id='word_1_55' title='bbox 517 1095 735 1156; x_wconf 86' lang='lat' dir='ltr'><strong>Kirchlroitium</strong></span> <span class='ocrx_word' id='word_1_56' title='bbox 758 1114 861 1156; x_wconf 85' lang='lat' dir='ltr'><strong>omues</strong></span> <span class='ocrx_word' id='word_1_57' title='bbox 884 1097 1015 1158; x_wconf 78' lang='lat' dir='ltr'><strong>editores</strong></span> <span class='ocrx_word' id='word_1_58' title='bbox 1037 1101 1161 1158; x_wconf 89' lang='lat' dir='ltr'><strong>auctora</strong></span> <span class='ocrx_word' id='word_1_59' title='bbox 1180 1097 1369 1173; x_wconf 73' lang='lat' dir='ltr'><strong>Diodorfi02)</strong></span> 
     </span>
     <span class='ocr_line' id='line_1_10' title="bbox 246 1190 583 1258; baseline 0.003 -1"><span class='ocrx_word' id='word_1_60' title='bbox 246 1190 402 1257; x_wconf 75' lang='grc' dir='ltr'><strong><em>καθιέναι</em></strong></span> <span class='ocrx_word' id='word_1_61' title='bbox 424 1197 583 1258; x_wconf 82' lang='lat' dir='ltr'><strong>dederunt</strong></span> 
     </span>
    </p>

    <p class='ocr_par' dir='ltr' id='par_1_6' title="bbox 244 1286 1370 1588">
     <span class='ocr_line' id='line_1_11' title="bbox 330 1286 1370 1383; baseline 0.003 -21"><span class='ocrx_word' id='word_1_62' title='bbox 330 1300 387 1362; x_wconf 83' lang='lat' dir='ltr'><strong>Sed</strong></span> <span class='ocrx_word' id='word_1_63' title='bbox 411 1302 527 1361; x_wconf 88' lang='lat' dir='ltr'><strong>etiamsi</strong></span> <span class='ocrx_word' id='word_1_64' title='bbox 549 1286 699 1379; x_wconf 73' lang='grc' dir='ltr'><strong><em>ἄγκυραν</em></strong></span> <span class='ocrx_word' id='word_1_65' title='bbox 720 1294 908 1374; x_wconf 78' lang='grc' dir='ltr'><strong><em>καθιέναι3)</em></strong></span> <span class='ocrx_word' id='word_1_66' title='bbox 941 1302 1079 1363; x_wconf 83' lang='lat' dir='ltr'>usitatius</span> <span class='ocrx_word' id='word_1_67' title='bbox 1109 1321 1176 1364; x_wconf 88' lang='lat' dir='ltr'><strong>esso</strong></span> <span class='ocrx_word' id='word_1_68' title='bbox 1199 1323 1259 1365; x_wconf 89' lang='lat' dir='ltr'><strong>nou</strong></span> <span class='ocrx_word' id='word_1_69' title='bbox 1282 1324 1370 1383; x_wconf 87' lang='lat' dir='ltr'><strong>nego,</strong></span> 
     </span>
     <span class='ocr_line' id='line_1_12' title="bbox 244 1397 1370 1483; baseline 0.004 -19"><span class='ocrx_word' id='word_1_70' title='bbox 244 1409 343 1464; x_wconf 85' lang='lat' dir='ltr'><strong>tamon</strong></span> <span class='ocrx_word' id='word_1_71' title='bbox 365 1397 503 1483; x_wconf 83' lang='grc' dir='ltr'><strong><em>μεθίημι</em></strong></span> <span class='ocrx_word' id='word_1_72' title='bbox 529 1406 625 1482; x_wconf 90' lang='lat' dir='ltr'><strong>ipsum</strong></span> <span class='ocrx_word' id='word_1_73' title='bbox 657 1405 782 1480; x_wconf 87' lang='lat' dir='ltr'><strong>praehet</strong></span> <span class='ocrx_word' id='word_1_74' title='bbox 811 1405 921 1466; x_wconf 85' lang='lat' dir='ltr'><strong>bonum</strong></span> <span class='ocrx_word' id='word_1_75' title='bbox 951 1420 1084 1465; x_wconf 90' lang='lat' dir='ltr'><strong>sensum:</strong></span> <span class='ocrx_word' id='word_1_76' title='bbox 1114 1424 1225 1468; x_wconf 86' lang='lat' dir='ltr'><strong>ancora</strong></span> <span class='ocrx_word' id='word_1_77' title='bbox 1256 1410 1370 1470; x_wconf 86' lang='lat' dir='ltr'><strong>catenis</strong></span> 
     </span>
     <span class='ocr_line' id='line_1_13' title="bbox 245 1497 1370 1588; baseline 0.006 -23"><span class='ocrx_word' id='word_1_78' title='bbox 245 1510 362 1567; x_wconf 84' lang='lat' dir='ltr'><strong>retenta</strong></span> <span class='ocrx_word' id='word_1_79' title='bbox 392 1505 549 1567; x_wconf 81' lang='lat' dir='ltr'><strong>dimittitur</strong></span> <span class='ocrx_word' id='word_1_80' title='bbox 578 1506 608 1566; x_wconf 90' lang='lat' dir='ltr'><strong>iu</strong></span> <span class='ocrx_word' id='word_1_81' title='bbox 639 1525 733 1578; x_wconf 85' lang='lat' dir='ltr'><strong>mare,</strong></span> <span class='ocrx_word' id='word_1_82' title='bbox 768 1507 806 1568; x_wconf 85' lang='lat' dir='ltr'><strong>ci.</strong></span> <span class='ocrx_word' id='word_1_83' title='bbox 829 1509 913 1569; x_wconf 83' lang='lat' dir='ltr'><strong>Hom.</strong></span> <span class='ocrx_word' id='word_1_84' title='bbox 936 1507 992 1568; x_wconf 83' lang='lat' dir='ltr'><strong>Oti.</strong></span> <span class='ocrx_word' id='word_1_85' title='bbox 1015 1512 1042 1580; x_wconf 82' lang='lat'><strong>5,</strong></span> <span class='ocrx_word' id='word_1_86' title='bbox 1062 1512 1137 1570; x_wconf 82' lang='lat'>460:</span> <span class='ocrx_word' id='word_1_87' title='bbox 1168 1497 1292 1588; x_wconf 77' lang='grc' dir='ltr'><strong><em>τὸμὲν</em></strong></span> <span class='ocrx_word' id='word_1_88' title='bbox 1315 1511 1370 1585; x_wconf 85' lang='lat' dir='ltr'><strong>(sc.</strong></span> 
     </span>
    </p>
   </div>
   <div class='ocr_carea' id='block_1_3' title="bbox 244 1598 1486 1688">
    <p class='ocr_par' dir='ltr' id='par_1_7' title="bbox 244 1598 1486 1688">
     <span class='ocr_line' id='line_1_14' title="bbox 244 1598 1486 1688; baseline 0.004 -20"><span class='ocrx_word' id='word_1_89' title='bbox 244 1598 434 1688; x_wconf 77' lang='grc' dir='ltr'><strong><em>κρήδεμνον</em></strong></span> <span class='ocrx_word' id='word_1_90' title='bbox 456 1608 537 1685; x_wconf 81' lang='lat' dir='ltr'><strong>quod</strong></span> <span class='ocrx_word' id='word_1_91' title='bbox 560 1609 665 1669; x_wconf 82' lang='lat' dir='ltr'><strong>Ulixes</strong></span> <span class='ocrx_word' id='word_1_92' title='bbox 688 1609 844 1686; x_wconf 85' lang='lat' dir='ltr'><strong>usquead</strong></span> <span class='ocrx_word' id='word_1_93' title='bbox 867 1610 897 1670; x_wconf 87' lang='lat' dir='ltr'><strong>id</strong></span> <span class='ocrx_word' id='word_1_94' title='bbox 920 1614 1037 1687; x_wconf 89' lang='lat' dir='ltr'><strong>tompus</strong></span> <span class='ocrx_word' id='word_1_95' title='bbox 1059 1608 1192 1684; x_wconf 76' lang='lat' dir='ltr'><strong>tenebat)</strong></span> <span class='ocrx_word' id='word_1_96' title='bbox 1214 1604 1248 1682; x_wconf 77' lang='grc' dir='ltr'><strong>ἐς</strong></span> <span class='ocrx_word' id='word_1_97' title='bbox 1262 1629 1368 1672; x_wconf 80' lang='grc' dir='ltr'><strong><em>σιοτα-</em></strong></span> <span class='ocrx_word' id='word_1_98' title='bbox 1484 1644 1486 1653; x_wconf 49' lang='lat'>1</span> 
     </span>
    </p>
   </div>
   <div class='ocr_carea' id='block_1_4' title="bbox 244 1694 1370 2203">
    <p class='ocr_par' dir='ltr' id='par_1_8' title="bbox 244 1694 716 1792">
     <span class='ocr_line' id='line_1_15' title="bbox 244 1694 716 1792; baseline -0.002 -21"><span class='ocrx_word' id='word_1_99' title='bbox 244 1701 310 1789; x_wconf 90' lang='grc' dir='ltr'><strong>μόν</strong></span> <span class='ocrx_word' id='word_1_100' title='bbox 332 1694 556 1792; x_wconf 78' lang='grc' dir='ltr'><strong><em>ἁλιμυρήεντα</em></strong></span> <span class='ocrx_word' id='word_1_101' title='bbox 578 1707 716 1792; x_wconf 81' lang='grc' dir='ltr'><strong><em>μεθῆκε.</em></strong></span> 
     </span>
    </p>

    <p class='ocr_par' dir='ltr' id='par_1_9' title="bbox 245 1813 1370 2098">
     <span class='ocr_line' id='line_1_16' title="bbox 330 1813 1370 1896; baseline 0.003 -22"><span class='ocrx_word' id='word_1_102' title='bbox 330 1815 437 1890; x_wconf 87' lang='lat' dir='ltr'><strong>Neque</strong></span> <span class='ocrx_word' id='word_1_103' title='bbox 466 1813 554 1873; x_wconf 86' lang='lat' dir='ltr'><strong>aliter·</strong></span> <span class='ocrx_word' id='word_1_104' title='bbox 583 1831 645 1874; x_wconf 88' lang='lat' dir='ltr'><strong>rem</strong></span> <span class='ocrx_word' id='word_1_105' title='bbox 675 1832 708 1875; x_wconf 90' lang='lat' dir='ltr'><strong>se</strong></span> <span class='ocrx_word' id='word_1_106' title='bbox 738 1815 848 1875; x_wconf 88' lang='lat' dir='ltr'><strong>habero</strong></span> <span class='ocrx_word' id='word_1_107' title='bbox 878 1819 951 1892; x_wconf 90' lang='lat' dir='ltr'><strong>puto</strong></span> <span class='ocrx_word' id='word_1_108' title='bbox 981 1817 1011 1875; x_wconf 90' lang='lat' dir='ltr'><strong>irr</strong></span> <span class='ocrx_word' id='word_1_109' title='bbox 1040 1817 1107 1877; x_wconf 91' lang='lat' dir='ltr'><strong>loco</strong></span> <span class='ocrx_word' id='word_1_110' title='bbox 1130 1816 1209 1894; x_wconf 81' lang='lat' dir='ltr'><strong>Sept.</strong></span> <span class='ocrx_word' id='word_1_111' title='bbox 1234 1820 1288 1879; x_wconf 79' lang='lat' dir='ltr'><strong>to:</strong></span> <span class='ocrx_word' id='word_1_112' title='bbox 1318 1835 1370 1896; x_wconf 91' lang='grc' dir='ltr'><strong><em>με·</em></strong></span> 
     </span>
     <span class='ocr_line' id='line_1_17' title="bbox 246 1904 1368 1994; baseline 0.005 -20"><span class='ocrx_word' id='word_1_113' title='bbox 246 1913 356 1974; x_wconf 83' lang='grc' dir='ltr'><strong><em>θεῑται</em></strong></span> <span class='ocrx_word' id='word_1_114' title='bbox 379 1904 520 1994; x_wconf 86' lang='grc' dir='ltr'><strong><em>στρατός</em></strong></span> <span class='ocrx_word' id='word_1_115' title='bbox 542 1907 775 1994; x_wconf 79' lang='grc' dir='ltr'><strong><em>στρατόπεδον</em></strong></span> <span class='ocrx_word' id='word_1_116' title='bbox 796 1904 917 1989; x_wconf 79' lang='grc' dir='ltr'><strong><em>λιπών,</em></strong></span> <span class='ocrx_word' id='word_1_117' title='bbox 939 1917 988 1979; x_wconf 90' lang='lat' dir='ltr'><strong>uhi</strong></span> <span class='ocrx_word' id='word_1_118' title='bbox 1003 1916 1178 1978; x_wconf 86' lang='lat' dir='ltr'><strong>Diodorfius</strong></span> <span class='ocrx_word' id='word_1_119' title='bbox 1193 1920 1274 1980; x_wconf 93' lang='lat' dir='ltr'><strong>solus</strong></span> <span class='ocrx_word' id='word_1_120' title='bbox 1296 1921 1368 1980; x_wconf 89' lang='lat' dir='ltr'><strong>scri·</strong></span> 
     </span>
     <span class='ocr_line' id='line_1_18' title="bbox 245 2015 1370 2098; baseline 0.003 -19"><span class='ocrx_word' id='word_1_121' title='bbox 245 2019 287 2079; x_wconf 88' lang='lat' dir='ltr'><strong>hit</strong></span> <span class='ocrx_word' id='word_1_122' title='bbox 301 2017 470 2079; x_wconf 68' lang='lat' dir='ltr'><strong>aethelvoti:</strong></span> <span class='ocrx_word' id='word_1_123' title='bbox 492 2020 627 2079; x_wconf 90' lang='lat' dir='ltr'><strong>nimirum</strong></span> <span class='ocrx_word' id='word_1_124' title='bbox 651 2039 715 2081; x_wconf 89' lang='lat' dir='ltr'><strong>oum</strong></span> <span class='ocrx_word' id='word_1_125' title='bbox 740 2022 769 2080; x_wconf 88' lang='lat' dir='ltr'><strong>vi</strong></span> <span class='ocrx_word' id='word_1_126' title='bbox 793 2020 904 2081; x_wconf 88' lang='lat' dir='ltr'><strong>dictum</strong></span> <span class='ocrx_word' id='word_1_127' title='bbox 927 2026 980 2092; x_wconf 85' lang='lat' dir='ltr'><strong>est,</strong></span> <span class='ocrx_word' id='word_1_128' title='bbox 1002 2024 1036 2081; x_wconf 93' lang='lat' dir='ltr'><strong>ut</strong></span> <span class='ocrx_word' id='word_1_129' title='bbox 1055 2018 1209 2098; x_wconf 79' lang='grc' dir='ltr'><strong><em>μεθεῖται</em></strong></span> <span class='ocrx_word' id='word_1_130' title='bbox 1230 2015 1370 2095; x_wconf 59' lang='lat' dir='ltr'><strong>helecti</strong></span> 
     </span>
    </p>

    <p class='ocr_par' dir='ltr' id='par_1_10' title="bbox 329 2112 1370 2203">
     <span class='ocr_line' id='line_1_19' title="bbox 329 2112 1370 2203; baseline 0.004 -25"><span class='ocrx_word' id='word_1_131' title='bbox 329 2115 589 2199; x_wconf 83' lang='grc' dir='ltr'><strong><em>μεταόίομαι*</em></strong></span> <span class='ocrx_word' id='word_1_132' title='bbox 612 2140 784 2199; x_wconf 84' lang='lat' dir='ltr'><strong>persequor,</strong></span> <span class='ocrx_word' id='word_1_133' title='bbox 807 2122 1000 2200; x_wconf 78' lang='grc' dir='ltr'><strong><em>8ορρ1.826;</em></strong></span> <span class='ocrx_word' id='word_1_134' title='bbox 1022 2112 1107 2201; x_wconf 86' lang='grc' dir='ltr'><strong><em>μετά</em></strong></span> <span class='ocrx_word' id='word_1_135' title='bbox 1116 2120 1140 2195; x_wconf 75' lang='lat'><strong>⁶)</strong></span> <span class='ocrx_word' id='word_1_136' title='bbox 1161 2140 1202 2201; x_wconf 90' lang='grc' dir='ltr'><strong><em>με</em></strong></span> <span class='ocrx_word' id='word_1_137' title='bbox 1218 2115 1370 2203; x_wconf 78' lang='grc' dir='ltr'><strong><em>δρόμοισι</em></strong></span> 
     </span>
    </p>
   </div>
   <div class='ocr_carea' id='block_1_5' title="bbox 246 2213 1488 2305">
    <p class='ocr_par' dir='ltr' id='par_1_11' title="bbox 246 2213 1488 2305">
     <span class='ocr_line' id='line_1_20' title="bbox 246 2213 1488 2305; baseline 0.002 -23"><span class='ocrx_word' id='word_1_138' title='bbox 246 2213 406 2300; x_wconf 80' lang='grc' dir='ltr'><strong><em>διόμενοα</em></strong></span> <span class='ocrx_word' id='word_1_139' title='bbox 428 2224 555 2300; x_wconf 82' lang='lat' dir='ltr'><strong>simplex</strong></span> <span class='ocrx_word' id='word_1_140' title='bbox 577 2224 725 2284; x_wconf 86' lang='lat' dir='ltr'><strong>simillima</strong></span> <span class='ocrx_word' id='word_1_141' title='bbox 746 2225 867 2285; x_wconf 87' lang='lat' dir='ltr'><strong>notione</strong></span> <span class='ocrx_word' id='word_1_142' title='bbox 890 2225 1000 2303; x_wconf 87' lang='lat' dir='ltr'><strong>legitur</strong></span> <span class='ocrx_word' id='word_1_143' title='bbox 1021 2226 1106 2286; x_wconf 83' lang='lat' dir='ltr'><strong>Eum.</strong></span> <span class='ocrx_word' id='word_1_144' title='bbox 1122 2229 1196 2288; x_wconf 80' lang='lat'>358:</span> <span class='ocrx_word' id='word_1_145' title='bbox 1220 2215 1370 2305; x_wconf 77' lang='grc' dir='ltr'><strong><em>διόμεναι</em></strong></span> <span class='ocrx_word' id='word_1_146' title='bbox 1481 2254 1488 2269; x_wconf 82' lang='lat'><strong>·</strong></span> 
     </span>
    </p>
   </div>
   <div class='ocr_carea' id='block_1_6' title="bbox 246 2313 1374 3122">
    <p class='ocr_par' dir='ltr' id='par_1_12' title="bbox 246 2313 527 2404">
     <span class='ocr_line' id='line_1_21' title="bbox 246 2313 527 2404; baseline 0.011 -22"><span class='ocrx_word' id='word_1_147' title='bbox 246 2315 410 2404; x_wconf 87' lang='grc' dir='ltr'><strong><em>κρατερόν</em></strong></span> <span class='ocrx_word' id='word_1_148' title='bbox 433 2313 527 2385; x_wconf 88' lang='grc' dir='ltr'><strong><em>όντα.</em></strong></span> 
     </span>
    </p>

    <p class='ocr_par' dir='ltr' id='par_1_13' title="bbox 333 2428 1015 2507">
     <span class='ocr_line' id='line_1_22' title="bbox 333 2428 1015 2507; baseline -0.006 -19"><span class='ocrx_word' id='word_1_149' title='bbox 333 2429 369 2488; x_wconf 89' lang='grc' dir='ltr'><strong>ΙΙ.</strong></span> <span class='ocrx_word' id='word_1_150' title='bbox 404 2428 485 2489; x_wconf 89' lang='lat' dir='ltr'><strong>notio</strong></span> <span class='ocrx_word' id='word_1_151' title='bbox 509 2430 740 2507; x_wconf 86' lang='lat' dir='ltr'><strong>praepositionis</strong></span> <span class='ocrx_word' id='word_1_152' title='bbox 762 2429 935 2506; x_wconf 88' lang='lat' dir='ltr'><strong>temporalis</strong></span> <span class='ocrx_word' id='word_1_153' title='bbox 958 2433 1015 2490; x_wconf 86' lang='lat' dir='ltr'><strong>ost:</strong></span> 
     </span>
    </p>

    <p class='ocr_par' dir='ltr' id='par_1_14' title="bbox 246 2522 1374 3122">
     <span class='ocr_line' id='line_1_23' title="bbox 329 2522 1373 2613; baseline -0.001 -23"><span class='ocrx_word' id='word_1_154' title='bbox 329 2524 629 2609; x_wconf 78' lang='grc' dir='ltr'><strong><em>μετακοιμίζοσ*,</em></strong></span> <span class='ocrx_word' id='word_1_155' title='bbox 661 2532 731 2593; x_wconf 78' lang='lat' dir='ltr'><strong>(tho.</strong></span> <span class='ocrx_word' id='word_1_156' title='bbox 760 2536 853 2594; x_wconf 80' lang='lat'>1074:</span> <span class='ocrx_word' id='word_1_157' title='bbox 886 2539 949 2591; x_wconf 81' lang='grc' dir='ltr'><strong>ποῖ</strong></span> <span class='ocrx_word' id='word_1_158' title='bbox 978 2522 1155 2613; x_wconf 76' lang='grc' dir='ltr'><strong><em>καταλήξει</em></strong></span> <span class='ocrx_word' id='word_1_159' title='bbox 1184 2549 1373 2611; x_wconf 81' lang='grc' dir='ltr'><strong><em>μετακοιμι-</em></strong></span> 
     </span>
     <span class='ocr_line' id='line_1_24' title="bbox 246 2619 1373 2713; baseline 0.003 -21"><span class='ocrx_word' id='word_1_160' title='bbox 246 2627 330 2693; x_wconf 75' lang='grc' dir='ltr'><strong><em>σθὲν</em></strong></span> <span class='ocrx_word' id='word_1_161' title='bbox 365 2627 465 2711; x_wconf 80' lang='grc' dir='ltr'><strong><em>μένος</em></strong></span> <span class='ocrx_word' id='word_1_162' title='bbox 502 2619 599 2713; x_wconf 85' lang='grc' dir='ltr'><strong><em>ότης;</em></strong></span> <span class='ocrx_word' id='word_1_163' title='bbox 656 2635 725 2695; x_wconf 85' lang='grc' dir='ltr'><strong>Νοο</strong></span> <span class='ocrx_word' id='word_1_164' title='bbox 762 2634 834 2695; x_wconf 91' lang='lat' dir='ltr'><strong>satis</strong></span> <span class='ocrx_word' id='word_1_165' title='bbox 871 2638 953 2694; x_wconf 87' lang='lat' dir='ltr'><strong>corta</strong></span> <span class='ocrx_word' id='word_1_166' title='bbox 991 2640 1037 2695; x_wconf 90' lang='lat' dir='ltr'><strong>est</strong></span> <span class='ocrx_word' id='word_1_167' title='bbox 1069 2634 1154 2694; x_wconf 87' lang='lat' dir='ltr'><strong>verbi</strong></span> <span class='ocrx_word' id='word_1_168' title='bbox 1187 2633 1373 2711; x_wconf 82' lang='lat' dir='ltr'><strong>significatio.</strong></span> 
     </span>
     <span class='ocr_line' id='line_1_25' title="bbox 248 2733 1372 2815; baseline 0.002 -20"><span class='ocrx_word' id='word_1_169' title='bbox 248 2733 480 2808; x_wconf 74' lang='lat' dir='ltr'><strong>Weckleinius⁰)</strong></span> <span class='ocrx_word' id='word_1_170' title='bbox 504 2738 592 2796; x_wconf 85' lang='lat' dir='ltr'><strong>vertit</strong></span> <span class='ocrx_word' id='word_1_171' title='bbox 617 2736 755 2814; x_wconf 80' lang='lat' dir='ltr'><strong>„wieder,</strong></span> <span class='ocrx_word' id='word_1_172' title='bbox 777 2736 987 2796; x_wconf 78' lang='lat' dir='ltr'><strong>ahwechselntl</strong></span> <span class='ocrx_word' id='word_1_173' title='bbox 1010 2735 1267 2813; x_wconf 82' lang='lat' dir='ltr'><strong>besohwichtigt“,</strong></span> <span class='ocrx_word' id='word_1_174' title='bbox 1290 2736 1372 2815; x_wconf 86' lang='lat' dir='ltr'><strong>quod</strong></span> 
     </span>
     <span class='ocr_line' id='line_1_26' title="bbox 247 2838 1374 2915; baseline 0.003 -18"><span class='ocrx_word' id='word_1_175' title='bbox 247 2838 335 2897; x_wconf 88' lang='lat' dir='ltr'><strong>certis</strong></span> <span class='ocrx_word' id='word_1_176' title='bbox 365 2838 507 2913; x_wconf 85' lang='lat' dir='ltr'><strong>exemplis</strong></span> <span class='ocrx_word' id='word_1_177' title='bbox 541 2838 725 2914; x_wconf 87' lang='lat' dir='ltr'><strong>comprobari</strong></span> <span class='ocrx_word' id='word_1_178' title='bbox 757 2839 871 2915; x_wconf 86' lang='lat' dir='ltr'><strong>nequit.</strong></span> <span class='ocrx_word' id='word_1_179' title='bbox 922 2838 1049 2899; x_wconf 88' lang='lat' dir='ltr'><strong>Weilius</strong></span> <span class='ocrx_word' id='word_1_180' title='bbox 1082 2838 1191 2911; x_wconf 83' lang='lat' dir='ltr'><strong>„rebus</strong></span> <span class='ocrx_word' id='word_1_181' title='bbox 1221 2840 1374 2900; x_wconf 90' lang='lat' dir='ltr'><strong>conversis</strong></span> 
     </span>
     <span class='ocr_line' id='line_1_27' title="bbox 246 2928 1373 3020; baseline 0.002 -20"><span class='ocrx_word' id='word_1_182' title='bbox 246 2939 390 3016; x_wconf 86' lang='lat' dir='ltr'><strong>sopitum,</strong></span> <span class='ocrx_word' id='word_1_183' title='bbox 411 2928 659 3018; x_wconf 78' lang='grc' dir='ltr'><strong><em>μεταπεσούσης</em></strong></span> <span class='ocrx_word' id='word_1_184' title='bbox 681 2935 740 3020; x_wconf 81' lang='grc' dir='ltr'><strong>τῆς</strong></span> <span class='ocrx_word' id='word_1_185' title='bbox 762 2930 859 3019; x_wconf 86' lang='grc' dir='ltr'><strong><em>τύχης</em></strong></span> <span class='ocrx_word' id='word_1_186' title='bbox 882 2934 1092 3019; x_wconf 74' lang='grc' dir='ltr'><strong><em>κοιμισθέν“,</em></strong></span> <span class='ocrx_word' id='word_1_187' title='bbox 1113 2941 1288 3002; x_wconf 87' lang='lat' dir='ltr'><strong>Diodorfius</strong></span> <span class='ocrx_word' id='word_1_188' title='bbox 1313 2943 1373 3014; x_wconf 78' lang='lat' dir='ltr'><strong>„iu-</strong></span> 
     </span>
     <span class='ocr_line' id='line_1_28' title="bbox 246 3041 1374 3122; baseline 0.001 -18"><span class='ocrx_word' id='word_1_189' title='bbox 246 3041 445 3120; x_wconf 83' lang='lat' dir='ltr'><strong>tsrquiesoo“,</strong></span> <span class='ocrx_word' id='word_1_190' title='bbox 468 3043 658 3103; x_wconf 85' lang='lat' dir='ltr'><strong>Hermanuus</strong></span> <span class='ocrx_word' id='word_1_191' title='bbox 683 3044 759 3116; x_wconf 83' lang='lat' dir='ltr'><strong>„alio</strong></span> <span class='ocrx_word' id='word_1_192' title='bbox 775 3042 806 3102; x_wconf 88' lang='lat' dir='ltr'><strong>iu</strong></span> <span class='ocrx_word' id='word_1_193' title='bbox 823 3043 899 3120; x_wconf 85' lang='lat' dir='ltr'><strong>loco,</strong></span> <span class='ocrx_word' id='word_1_194' title='bbox 921 3044 979 3103; x_wconf 89' lang='lat' dir='ltr'><strong>alia</strong></span> <span class='ocrx_word' id='word_1_195' title='bbox 994 3045 1024 3103; x_wconf 92' lang='lat' dir='ltr'><strong>iu</strong></span> <span class='ocrx_word' id='word_1_196' title='bbox 1040 3061 1170 3121; x_wconf 87' lang='lat' dir='ltr'><strong>persona</strong></span> <span class='ocrx_word' id='word_1_197' title='bbox 1186 3043 1374 3122; x_wconf 81' lang='lat' dir='ltr'><strong>quiescere“.</strong></span> 
     </span>
    </p>
   </div>
   <div class='ocr_carea' id='block_1_7' title="bbox 332 3224 1373 3293">
    <p class='ocr_par' dir='ltr' id='par_1_15' title="bbox 332 3224 1373 3293">
     <span class='ocr_line' id='line_1_29' title="bbox 332 3224 1373 3293; baseline 0.001 -13"><span class='ocrx_word' id='word_1_198' title='bbox 332 3228 355 3288; x_wconf 80' lang='lat'><strong>¹)</strong></span> <span class='ocrx_word' id='word_1_199' title='bbox 373 3224 563 3281; x_wconf 81' lang='lat' dir='ltr'><strong>Weckleirrius</strong></span> <span class='ocrx_word' id='word_1_200' title='bbox 582 3224 710 3280; x_wconf 88' lang='lat' dir='ltr'><strong>similiter</strong></span> <span class='ocrx_word' id='word_1_201' title='bbox 728 3225 877 3281; x_wconf 87' lang='lat' dir='ltr'><strong>dictionem</strong></span> <span class='ocrx_word' id='word_1_202' title='bbox 895 3240 928 3279; x_wconf 84' lang='lat' dir='ltr'><strong>ox</strong></span> <span class='ocrx_word' id='word_1_203' title='bbox 947 3225 1152 3293; x_wconf 87' lang='lat' dir='ltr'><strong>comparatione</strong></span> <span class='ocrx_word' id='word_1_204' title='bbox 1170 3225 1219 3280; x_wconf 87' lang='lat' dir='ltr'><strong>teli</strong></span> <span class='ocrx_word' id='word_1_205' title='bbox 1243 3225 1279 3281; x_wconf 89' lang='lat' dir='ltr'><strong>ab</strong></span> <span class='ocrx_word' id='word_1_206' title='bbox 1303 3241 1373 3281; x_wconf 90' lang='lat' dir='ltr'><strong>arcu</strong></span> 
     </span>
    </p>
   </div>
   <div class='ocr_carea' id='block_1_8' title="bbox 125 3310 549 3381">
    <p class='ocr_par' dir='ltr' id='par_1_16' title="bbox 125 3310 549 3381">
     <span class='ocr_line' id='line_1_30' title="bbox 125 3310 549 3381; baseline -0.009 -12"><span class='ocrx_word' id='word_1_207' title='bbox 125 3364 127 3369; x_wconf 78' lang='grc'><strong><em>,</em></strong></span> <span class='ocrx_word' id='word_1_208' title='bbox 245 3311 323 3367; x_wconf 90' lang='lat' dir='ltr'><strong>missi</strong></span> <span class='ocrx_word' id='word_1_209' title='bbox 341 3310 549 3381; x_wconf 87' lang='lat' dir='ltr'><strong>iuterpretatur.</strong></span> 
     </span>
    </p>
   </div>
   <div class='ocr_carea' id='block_1_9' title="bbox 247 3395 1376 4221">
    <p class='ocr_par' dir='ltr' id='par_1_17' title="bbox 332 3395 1369 3469">
     <span class='ocr_line' id='line_1_31' title="bbox 332 3395 1369 3469; baseline -0.002 -18"><span class='ocrx_word' id='word_1_210' title='bbox 332 3399 356 3463; x_wconf 73' lang='lat'><strong>⁹)</strong></span> <span class='ocrx_word' id='word_1_211' title='bbox 372 3397 427 3452; x_wconf 80' lang='lat' dir='ltr'><strong>lex.</strong></span> <span class='ocrx_word' id='word_1_212' title='bbox 441 3395 543 3452; x_wconf 88' lang='lat' dir='ltr'><strong>Aesch.</strong></span> <span class='ocrx_word' id='word_1_213' title='bbox 558 3412 579 3451; x_wconf 85' lang='lat' dir='ltr'><strong>s.</strong></span> <span class='ocrx_word' id='word_1_214' title='bbox 593 3410 620 3450; x_wconf 86' lang='lat' dir='ltr'><strong>v.</strong></span> <span class='ocrx_word' id='word_1_215' title='bbox 638 3395 770 3466; x_wconf 80' lang='grc' dir='ltr'><strong><em>καθίημι.</em></strong></span> <span class='ocrx_word' id='word_1_216' title='bbox 811 3406 837 3460; x_wconf 60' lang='grc' dir='ltr'>ᾗ</span> <span class='ocrx_word' id='word_1_217' title='bbox 1366 3464 1369 3469; x_wconf 27' lang='lat'>¹</span> 
     </span>
    </p>

    <p class='ocr_par' dir='ltr' id='par_1_18' title="bbox 248 3476 1375 3722">
     <span class='ocr_line' id='line_1_32' title="bbox 334 3476 1373 3554; baseline -0.001 -18"><span class='ocrx_word' id='word_1_218' title='bbox 334 3485 357 3547; x_wconf 86' lang='lat'><strong>³)</strong></span> <span class='ocrx_word' id='word_1_219' title='bbox 375 3482 459 3537; x_wconf 86' lang='lat' dir='ltr'><strong>schol.</strong></span> <span class='ocrx_word' id='word_1_220' title='bbox 543 3477 596 3551; x_wconf 85' lang='grc' dir='ltr'><strong>τὴν</strong></span> <span class='ocrx_word' id='word_1_221' title='bbox 614 3476 746 3554; x_wconf 80' lang='grc' dir='ltr'><strong><em>ἄγκυραν</em></strong></span> <span class='ocrx_word' id='word_1_222' title='bbox 763 3480 968 3553; x_wconf 82' lang='grc' dir='ltr'><strong><em>αρσσορμίσαι.</em></strong></span> <span class='ocrx_word' id='word_1_223' title='bbox 994 3481 1177 3548; x_wconf 78' lang='lat' dir='ltr'><strong>Quamobrem</strong></span> <span class='ocrx_word' id='word_1_224' title='bbox 1194 3481 1314 3536; x_wconf 85' lang='lat' dir='ltr'><strong>Woilius</strong></span> <span class='ocrx_word' id='word_1_225' title='bbox 1333 3482 1373 3550; x_wconf 88' lang='lat' dir='ltr'><strong>(in</strong></span> 
     </span>
     <span class='ocr_line' id='line_1_33' title="bbox 248 3563 1375 3638; baseline 0.002 -18"><span class='ocrx_word' id='word_1_226' title='bbox 248 3567 340 3634; x_wconf 90' lang='lat' dir='ltr'><strong>priore</strong></span> <span class='ocrx_word' id='word_1_227' title='bbox 357 3567 414 3633; x_wconf 81' lang='lat' dir='ltr'><strong>etl.)</strong></span> <span class='ocrx_word' id='word_1_228' title='bbox 433 3568 472 3621; x_wconf 86' lang='lat' dir='ltr'><strong>ita</strong></span> <span class='ocrx_word' id='word_1_229' title='bbox 489 3567 613 3622; x_wconf 84' lang='lat' dir='ltr'><strong>scrihere</strong></span> <span class='ocrx_word' id='word_1_230' title='bbox 631 3568 708 3636; x_wconf 90' lang='lat' dir='ltr'><strong>apud</strong></span> <span class='ocrx_word' id='word_1_231' title='bbox 725 3568 817 3636; x_wconf 87' lang='lat' dir='ltr'><strong>ipsum</strong></span> <span class='ocrx_word' id='word_1_232' title='bbox 830 3563 1004 3638; x_wconf 77' lang='lat' dir='ltr'><strong>Aeschylum</strong></span> <span class='ocrx_word' id='word_1_233' title='bbox 1024 3567 1144 3636; x_wconf 84' lang='lat' dir='ltr'><strong>volebat,</strong></span> <span class='ocrx_word' id='word_1_234' title='bbox 1162 3568 1213 3622; x_wconf 86' lang='lat' dir='ltr'><strong>sod</strong></span> <span class='ocrx_word' id='word_1_235' title='bbox 1232 3573 1307 3622; x_wconf 90' lang='lat' dir='ltr'><strong>certe</strong></span> <span class='ocrx_word' id='word_1_236' title='bbox 1319 3583 1375 3622; x_wconf 89' lang='lat' dir='ltr'><strong>uon</strong></span> 
     </span>
     <span class='ocr_line' id='line_1_34' title="bbox 248 3651 1375 3722; baseline 0.001 -18"><span class='ocrx_word' id='word_1_237' title='bbox 248 3657 330 3721; x_wconf 84' lang='lat' dir='ltr'><strong>recte,</strong></span> <span class='ocrx_word' id='word_1_238' title='bbox 348 3652 479 3720; x_wconf 86' lang='lat' dir='ltr'><strong>quoniam</strong></span> <span class='ocrx_word' id='word_1_239' title='bbox 498 3651 649 3706; x_wconf 76' lang='lat' dir='ltr'><strong>scholiasta</strong></span> <span class='ocrx_word' id='word_1_240' title='bbox 666 3653 701 3706; x_wconf 86' lang='lat' dir='ltr'><strong>ad</strong></span> <span class='ocrx_word' id='word_1_241' title='bbox 720 3653 961 3722; x_wconf 84' lang='lat' dir='ltr'><strong>interpretandum</strong></span> <span class='ocrx_word' id='word_1_242' title='bbox 980 3666 1106 3707; x_wconf 87' lang='lat' dir='ltr'><strong>sermone</strong></span> <span class='ocrx_word' id='word_1_243' title='bbox 1125 3651 1266 3707; x_wconf 87' lang='lat' dir='ltr'><strong>cotidiano</strong></span> <span class='ocrx_word' id='word_1_244' title='bbox 1278 3651 1375 3706; x_wconf 85' lang='lat' dir='ltr'><strong>utitur.</strong></span> 
     </span>
    </p>

    <p class='ocr_par' dir='ltr' id='par_1_19' title="bbox 247 3732 1375 3899">
     <span class='ocr_line' id='line_1_35' title="bbox 333 3732 1375 3808; baseline -0.001 -17"><span class='ocrx_word' id='word_1_245' title='bbox 333 3737 355 3808; x_wconf 67' lang='grc'><strong>4)</strong></span> <span class='ocrx_word' id='word_1_246' title='bbox 374 3736 492 3793; x_wconf 89' lang='lat' dir='ltr'><strong>Weilius</strong></span> <span class='ocrx_word' id='word_1_247' title='bbox 520 3743 597 3792; x_wconf 86' lang='lat' dir='ltr'><strong>rocta</strong></span> <span class='ocrx_word' id='word_1_248' title='bbox 623 3738 657 3793; x_wconf 90' lang='lat' dir='ltr'><strong>de</strong></span> <span class='ocrx_word' id='word_1_249' title='bbox 682 3737 813 3808; x_wconf 87' lang='lat' dir='ltr'><strong>hocloco</strong></span> <span class='ocrx_word' id='word_1_250' title='bbox 831 3737 945 3793; x_wconf 83' lang='lat' dir='ltr'><strong>iudicat.</strong></span> <span class='ocrx_word' id='word_1_251' title='bbox 991 3732 1163 3793; x_wconf 77' lang='lat' dir='ltr'><strong>scholiastae</strong></span> <span class='ocrx_word' id='word_1_252' title='bbox 1180 3743 1272 3792; x_wconf 89' lang='lat' dir='ltr'><strong>autem</strong></span> <span class='ocrx_word' id='word_1_253' title='bbox 1291 3737 1375 3792; x_wconf 88' lang='lat' dir='ltr'><strong>inter-</strong></span> 
     </span>
     <span class='ocr_line' id='line_1_36' title="bbox 247 3823 990 3899; baseline 0 -22"><span class='ocrx_word' id='word_1_254' title='bbox 247 3823 365 3893; x_wconf 88' lang='lat' dir='ltr'><strong>pretatio</strong></span> <span class='ocrx_word' id='word_1_255' title='bbox 384 3824 499 3892; x_wconf 84' lang='grc' dir='ltr'><strong><em>ἀφεῐται</em></strong></span> <span class='ocrx_word' id='word_1_256' title='bbox 518 3823 667 3878; x_wconf 87' lang='lat' dir='ltr'><strong>substituit</strong></span> <span class='ocrx_word' id='word_1_257' title='bbox 683 3823 833 3899; x_wconf 81' lang='lat' dir='ltr'><strong>dictionem</strong></span> <span class='ocrx_word' id='word_1_258' title='bbox 852 3823 990 3877; x_wconf 84' lang='lat' dir='ltr'><strong>usitatam.</strong></span> 
     </span>
    </p>

    <p class='ocr_par' dir='ltr' id='par_1_20' title="bbox 248 3907 1376 4062">
     <span class='ocr_line' id='line_1_37' title="bbox 333 3907 1376 3978; baseline 0.001 -18"><span class='ocrx_word' id='word_1_259' title='bbox 333 3911 356 3974; x_wconf 59' lang='grc' dir='ltr'><strong>ὅ)</strong></span> <span class='ocrx_word' id='word_1_260' title='bbox 372 3907 440 3963; x_wconf 91' lang='lat' dir='ltr'><strong>haec</strong></span> <span class='ocrx_word' id='word_1_261' title='bbox 457 3907 554 3963; x_wconf 88' lang='lat' dir='ltr'><strong>tmesis</strong></span> <span class='ocrx_word' id='word_1_262' title='bbox 571 3908 755 3975; x_wconf 85' lang='lat' dir='ltr'><strong>Piersonium,</strong></span> <span class='ocrx_word' id='word_1_263' title='bbox 781 3909 810 3963; x_wconf 88' lang='lat' dir='ltr'><strong>iu</strong></span> <span class='ocrx_word' id='word_1_264' title='bbox 828 3923 898 3964; x_wconf 89' lang='lat' dir='ltr'><strong>mus.</strong></span> <span class='ocrx_word' id='word_1_265' title='bbox 911 3908 1002 3963; x_wconf 87' lang='lat' dir='ltr'><strong>Rhou.</strong></span> <span class='ocrx_word' id='word_1_266' title='bbox 1025 3913 1064 3977; x_wconf 85' lang='lat' dir='ltr'><strong>tt,</strong></span> <span class='ocrx_word' id='word_1_267' title='bbox 1083 3925 1110 3978; x_wconf 92' lang='lat' dir='ltr'><strong>p.</strong></span> <span class='ocrx_word' id='word_1_268' title='bbox 1125 3912 1271 3964; x_wconf 76' lang='lat' dir='ltr'><strong>tos-tta</strong></span> <span class='ocrx_word' id='word_1_269' title='bbox 1294 3907 1376 3977; x_wconf 83' lang='lat' dir='ltr'><strong>fugit,</strong></span> 
     </span>
     <span class='ocr_line' id='line_1_38' title="bbox 248 3991 1291 4062; baseline 0 -16"><span class='ocrx_word' id='word_1_270' title='bbox 248 3996 277 4046; x_wconf 87' lang='lat' dir='ltr'><strong>et</strong></span> <span class='ocrx_word' id='word_1_271' title='bbox 294 3997 387 4047; x_wconf 86' lang='lat' dir='ltr'><strong>tamen</strong></span> <span class='ocrx_word' id='word_1_272' title='bbox 405 3999 483 4048; x_wconf 90' lang='lat' dir='ltr'><strong>certa</strong></span> <span class='ocrx_word' id='word_1_273' title='bbox 500 3998 553 4059; x_wconf 85' lang='lat' dir='ltr'><strong>ost,</strong></span> <span class='ocrx_word' id='word_1_274' title='bbox 571 3994 647 4062; x_wconf 88' lang='lat' dir='ltr'><strong>quod</strong></span> <span class='ocrx_word' id='word_1_275' title='bbox 667 3991 763 4059; x_wconf 78' lang='grc' dir='ltr'><strong><em>ὀίομαι</em></strong></span> <span class='ocrx_word' id='word_1_276' title='bbox 782 4008 892 4062; x_wconf 88' lang='lat' dir='ltr'><strong>semper</strong></span> <span class='ocrx_word' id='word_1_277' title='bbox 909 3991 1024 4048; x_wconf 85' lang='lat' dir='ltr'><strong>verbum</strong></span> <span class='ocrx_word' id='word_1_278' title='bbox 1042 3993 1219 4049; x_wconf 85' lang='lat' dir='ltr'><strong>transitivum</strong></span> <span class='ocrx_word' id='word_1_279' title='bbox 1238 3998 1291 4048; x_wconf 86' lang='lat' dir='ltr'><strong>est.</strong></span> 
     </span>
    </p>

    <p class='ocr_par' dir='ltr' id='par_1_21' title="bbox 248 4075 1376 4221">
     <span class='ocr_line' id='line_1_39' title="bbox 333 4075 1376 4148; baseline 0.001 -19"><span class='ocrx_word' id='word_1_280' title='bbox 333 4078 357 4142; x_wconf 73' lang='lat' dir='ltr'><strong>r)</strong></span> <span class='ocrx_word' id='word_1_281' title='bbox 375 4075 518 4132; x_wconf 85' lang='lat' dir='ltr'><strong>Funclrius</strong></span> <span class='ocrx_word' id='word_1_282' title='bbox 536 4077 554 4131; x_wconf 88' lang='lat' dir='ltr'><strong>l.</strong></span> <span class='ocrx_word' id='word_1_283' title='bbox 566 4077 584 4131; x_wconf 93' lang='lat' dir='ltr'><strong>l.</strong></span> <span class='ocrx_word' id='word_1_284' title='bbox 603 4094 631 4148; x_wconf 88' lang='lat' dir='ltr'><strong>p.</strong></span> <span class='ocrx_word' id='word_1_285' title='bbox 645 4082 703 4145; x_wconf 81' lang='lat'>133,</span> <span class='ocrx_word' id='word_1_286' title='bbox 720 4078 812 4134; x_wconf 78' lang='lat' dir='ltr'><strong>admss</strong></span> <span class='ocrx_word' id='word_1_287' title='bbox 831 4078 911 4133; x_wconf 89' lang='lat' dir='ltr'><strong>alitor</strong></span> <span class='ocrx_word' id='word_1_288' title='bbox 928 4076 1034 4135; x_wconf 84' lang='lat' dir='ltr'><strong>iudicat</strong></span> <span class='ocrx_word' id='word_1_289' title='bbox 1051 4077 1086 4133; x_wconf 88' lang='lat' dir='ltr'><strong>de</strong></span> <span class='ocrx_word' id='word_1_290' title='bbox 1098 4075 1234 4146; x_wconf 81' lang='lat' dir='ltr'><strong>exemplis</strong></span> <span class='ocrx_word' id='word_1_291' title='bbox 1246 4091 1263 4131; x_wconf 83' lang='lat' dir='ltr'><strong>a</strong></span> <span class='ocrx_word' id='word_1_292' title='bbox 1275 4076 1376 4131; x_wconf 84' lang='lat' dir='ltr'><strong>Wack-</strong></span> 
     </span>
     <span class='ocr_line' id='line_1_40' title="bbox 248 4160 453 4221; baseline 0 -6"><span class='ocrx_word' id='word_1_293' title='bbox 248 4160 335 4221; x_wconf 89' lang='lat' dir='ltr'><strong>lcinio</strong></span> <span class='ocrx_word' id='word_1_294' title='bbox 352 4161 453 4218; x_wconf 88' lang='lat' dir='ltr'><strong>allatis.</strong></span> 
     </span>
    </p>
   </div>
   <div class='ocr_carea' id='block_1_10' title="bbox 0 0 1607 4792">
    <p class='ocr_par' dir='ltr' id='par_1_22' title="bbox 0 0 1607 4792">
     <span class='ocr_line' id='line_1_41' title="bbox 0 0 1607 4792; baseline 0 0"><span class='ocrx_word' id='word_1_295' title='bbox 0 0 1607 4792; x_wconf 95' lang='lat' dir='ltr'><strong> </strong></span> 
     </span>
    </p>
   </div>
  </div>
 </body>
</html>
