3196 4792
237 245 277 304 10

323 399 552 502 διαπράσσω
573 410 706 490 perficio,
734 413 819 472 Eum.
842 413 917 474 954:
948 410 1102 493 φανερῶς
1123 408 1267 485 τελέως
1289 408 1357 474 δια-

236 501 432 590 πράσσουσι.
477 515 606 591 Propter
637 514 764 575 iormam
795 515 920 593 perfecti
951 502 1006 574 διά
1038 534 1294 595 supervacaneum
1315 521 1356 579 vi-

237 612 325 674 detur
348 632 414 674 esse
437 613 600 677 01ο.735;
623 608 675 675 ἐπ’
696 606 805 695 έγοις
827 611 1128 695 διαπεπραγμένοις
1148 615 1268 690 καλῶς.

323 709 545 794 διαρταμῶ*
568 717 713 796 discinde,
735 721 944 782 Prom1055:
971 710 1184 802 διαρταμήσει
1205 711 1358 800 σώματος

236 811 320 897 μέγα
343 806 461 897 ῥάκος·
491 821 556 881 Ηοε
578 821 645 881 1οοο
668 840 758 898 quam
783 822 926 883 audacter
953 824 1149 902 compositum
1174 824 1223 896 ,in
1245 824 1357 886 Stttcke

185 979 187 983 ,
238 921 437 982 auseinander
458 921 591 983 reisseu¹⁴
618 922 728 983 dictum
760 925 813 1002 sit,
842 923 1030 985 manifestum
1054 930 1113 1003 est,
1144 930 1174 987 et
1194 928 1357 989 rectissime

238 1022 514 1083 Weckleinius‘t
470 1043 499 1083 rn
501 1027 699 1102 trerpretatur
724 1025 950 1104 „aerfleischen,
971 1043 1004 1086 so
1028 1026 1098 1087 dass
1119 1045 1225 1106 grosse
1246 1031 1357 1090 Fetren

238 1124 533 1203 herunter·htngen“.
581 1127 689 1204 Aptius
719 1127 815 1188 videri
848 1132 966 1205 poterat
999 1113 1193 1221 compositum
1225 1123 1358 1210 ἓξαρτα-

236 1232 312 1306 μεῖν
333 1227 383 1288 vel
406 1210 622 1306 ἅπαρταμεῑν.

323 1329 501 1406 Corruptum
524 1332 570 1389 est
592 1323 767 1407 διατιμῶ.

322 1430 403 1507 Sept.
421 1433 516 1492 1038:
538 1416 601 1511 ἤδη
616 1447 659 1489 τα
647 1416 769 1491 τοῦδ
784 1419 826 1492 ού
841 1426 1066 1513 διατετίμηται
1080 1433 1216 1508 θεοῖς’)
1250 1436 1358 1514 Agitur

238 1535 314 1595 enim
345 1533 383 1593 de
413 1532 585 1609 sepeliendo
608 1534 765 1610 Polynice:
795 1536 946 1615 Antigone
968 1556 986 1597 a
1007 1555 1155 1614 praecone
1177 1544 1301 1617 propter
1327 1539 1357 1600 id

238 1636 391 1697 consilium
412 1634 641 1711 reprehenditur
664 1655 691 1696 v.
709 1640 803 1698 1037:
826 1622 901 1697 ἀλλ’
924 1625 965 1697 δν
986 1628 1085 1708 πόλις
1107 1645 1228 1718 στυγεῖ,
1249 1630 1290 1699 σύ
1311 1656 1359 1699 τι·

236 1727 350 1816 μήσεις
371 1725 482 1814 τάφως
511 1736 549 1796 εδ
573 1738 648 1798 haec
669 1740 820 1817 Antigone
844 1760 871 1800 v.
887 1758 910 1801 ε.
925 1741 944 1801 1.
968 1741 1143 1820 respondet,
1164 1749 1224 1803 tum
1248 1761 1358 1819 praeco

237 1840 336 1916 pergit
358 1836 398 1911 (v.
422 1837 528 1912 1039):
557 1825 610 1913 ού,
639 1835 722 1919 πρίν
744 1858 781 1919 γε
801 1831 917 1920 χῶραν
938 1834 1039 1921 τήνδε
1061 1834 1211 1923 κινδύνῳ
1231 1840 1357 1917 βαλεῖν.

238 1939 425 2002 Manifestum
441 1941 559 2002 videtur
581 1958 645 2003 esse
667 1961 849 2019 praeconem
864 1944 1035 2022 Antigonae
1057 1945 1170 2022 aliquid
1186 1948 1358 2008 concedere.

237 2043 296 2106 Sed
318 2047 382 2103 tum
403 2061 509 2104 versus
527 2041 607 2106 1038
625 2046 745 2106 omnino
761 2064 820 2107 non
837 2046 965 2124 quadrat
979 2046 1018 2107 ad
1034 2049 1112 2108 haue
1127 2049 1358 2109 concessionem.

237 2145 373 2222 ltaque'
364 2164 430 2206 rure
452 2150 611 2224 corruptus
633 2147 766 2208 habetur.
810 2151 856 2208 Ex
879 2168 987 2226 magno
1020 2168 1144 2212 numero
1171 2151 1358 2213 coniectus-a

237 2243 334 2319 rum2)
358 2252 456 2308 autem
479 2248 634 2325 aptissima
655 2248 776 2310 videtur
798 2268 865 2312 esse
888 2251 986 2312 Weilii
1013 2251 1208 2313 emendatio:
1223 2239 1286 2332 ἤδη
1316 2242 1359 2311 τὰ

237 2336 333 2408 τοῦδ’
355 2333 396 2408 ού
419 2343 493 2427 δίχα
516 2344 687 2431 τετίμηται
709 2351 808 2424 θεοῖς,
816 2350 840 2424 ³)

324 2444 484 2529 διορίζω
505 2458 647 2515 accurate
663 2454 825 2534 distinguo,
847 2456 945 2517 Prom.
960 2459 1035 2519 456.
1057 2455 1170 2515 θεοῖσι
1183 2462 1255 2527 τοῖς
1269 2449 1358 2526 νέοις

238 2543 373 2625 τούτοις
395 2547 473 2632 γέρα
495 2571 546 2625 τις
568 2541 712 2626 ἄλλος
692 2576 713 2638 η
734 2547 799 2636 ε’γοδ
820 2555 1026 2630 παντελῶς
1048 2548 1213 2636 διῶρισεν;
1236 2561 1266 2619 et
1281 2561 1357 2620 504:

240 2646 477 2736 γαμψωνύχων
498 2674 534 2716 τε
555 2654 679 2738 πτῆσιν
699 2653 836 2719 οἰωνῶν
859 2657 1036 2739 σκεθρῶς
1059 2646 1194 2739 διῶριδ.

766 2826 834 2904 Ele.

324 2945 597 3033 είσαναγκάζω
627 2974 714 3033 cogo,
743 2958 840 3018 Prom.
864 2960 939 3020 306:
971 2946 1011 3015 τό
1040 2973 1076 3016 τε
1098 2946 1161 3035 γάρ
1182 2973 1231 3034 με,
1260 2950 1360 3032 δοκῶ,

238 3053 394 3137 ξυγγενὲς
416 3044 526 3128 ούτως
548 3048 778 3137 ἐσαναγκάζειε
807 3061 994 3136 Praepositio
1022 3059 1060 3118 ad
1083 3059 1206 3119 verbum
1229 3057 1267 3118 ad
1290 3075 1358 3117 sen·

239 3164 360 3223 tentiam
382 3164 504 3241 plenam
527 3163 709 3224 reddendam
737 3162 841 3224 addita
862 3162 982 3224 videtur
1012 3180 1091 3243 esse,
1120 3180 1299 3240 quamquam
1328 3160 1358 3220 id

324 3365 346 3428 ¹)
363 3361 399 3416 de
417 3361 480 3416 loco
498 3360 663 3417 difficillimo
681 3361 717 3416 cf.
736 3366 847 3431 praeter
865 3361 986 3417 editores
998 3355 1174 3416 Diudorfinm
1186 3361 1239 3416 lex.
1253 3360 1357 3425 Aesph.

239 3463 261 3502 s.
273 3462 300 3502 v.
313 3452 342 3502 et
353 3447 586 3504 Heimsoethium:
606 3448 674 3517 „Die
690 3447 831 3503 indirekte
845 3432 1059 3516 Uberlieferuug
1077 3446 1128 3501 des
1145 3445 1358 3515 iischyleischen

238 3531 368 3601 Textes“‚
386 3533 469 3587 Bonn
489 3536 561 3603 1862,
579 3551 606 3602 p.
622 3537 775 3588 132-133.

324 3620 347 3689 a)
366 3619 539 3674 Hermannus
558 3619 702 3688 proponite
724 3613 761 3672 τὰ
778 3607 855 3673 τοῦδ’
873 3613 908 3673 ού
926 3615 1128 3685 δυστετίμηται
1146 3618 1242 3680 troie:
1260 3616 1312 3670 sed
1329 3615 1358 3670 id

240 3706 358 3760 verbum
371 3704 502 3760 abhorret
513 3719 530 3759 a
540 3704 633 3759 verbis
643 3704 760 3773 graecis,
771 3701 806 3757 cf.
818 3701 982 3770 Naucirium,
994 3702 1089 3771 Eurip.
1098 3697 1223 3769 Studien,
1234 3699 1359 3783 Petersb.

240 3795 313 3859 1859,
331 3807 358 3860 p.
374 3794 526 3846 rto-rso.
557 3790 740 3846 Casaubonus
758 3803 814 3843 non
825 3787 921 3858 inepto
932 3787 1175 3856 interrogationem
1186 3785 1265 3840 fecit:
1283 3780 1358 3854 ἡδὴ·

239 3870 275 3931 τὰ
293 3867 369 3930 τοῦδ’
387 3867 422 3929 ού
440 3873 635 3943 διατετίμηται
653 3877 752 3938 θεοῖς·
770 3873 819 3928 sed
839 3873 949 3927 minime
967 3872 1086 3941 quadrat
1102 3868 1293 3938 responsionis
1314 3860 1357 3923 ού.

324 3965 348 4031 ³)
365 3961 495 4017 Weilius:
519 3962 588 4031 „iam
610 3966 698 4015 morte
720 3967 869 4029 utrumque
891 3958 1046 4013 affecerunt
1060 3963 1113 4023 (se.
1126 3957 1179 4025 dii)
1196 3969 1286 4024 neque
1304 3955 1358 4009 alio

238 4048 300 4104 loco
312 4048 473 4119 Polynicem
492 4062 574 4115 quam
586 4046 728 4101 Eteociem
746 4044 786 4099 dii
804 4044 967 4098 habuemnt.
995 4042 1043 4098 Sic
1054 4042 1197 4110 Antigone
1208 4056 1242 4096 ex
1255 4045 1358 4096 eventu

239 4134 353 4188 deorum
371 4133 542 4187 voluntatem
566 4131 669 4199 arguit:
693 4131 806 4185 diverso
829 4128 984 4197 argumenti
1007 4141 1109 4195 genero
1133 4127 1222 4180 utitur
1244 4141 1358 4194 praeco:

240 4220 302 4276 Nou
319 4220 373 4274 alio
390 4219 550 4289 Polynicem
570 4218 632 4273 loco
650 4216 821 4285 habuerunt,
847 4215 913 4269 dum
937 4214 1053 4283 patriam
1077 4228 1134 4267 nou
1152 4212 1356 4282 oppugnatam
