3196 4792
235 237 254 296 6

237 406 319 465 1232
330 401 353 476 ¹)
384 403 476 464 Anth.
490 403 553 463 Pal.
569 405 597 475 6,
613 405 684 480 307,
700 406 718 464 5
749 396 873 481 (canica,¹
890 424 918 464 v.
933 410 970 482 3.,
991 406 1142 467 invenitur
1164 407 1359 484 compositum

234 507 299 566 sine
321 505 382 565 ullo
404 505 534 565 notionis
557 502 739 577 discrimine)
762 524 787 566 e.
802 525 829 566 a.

321 591 535 686 ἀποκσρσοό
577 607 701 684 capillos
737 607 898 685 detondeo‚
932 608 989 686 frg.
1013 612 1087 671 248:
1121 594 1359 691 ἀποκορσωσα-

234 703 358 788 μένοις.
413 709 546 785 Hesych.
575 728 604 786 p.
628 712 688 772 199
718 727 742 770 s.
765 729 791 769 v.
821 711 1038 797 interpretatur
1069 697 1358 791 ἀποκειραμέναις·

235 800 359 890 κόρσας
388 796 452 888 γάρ
481 803 605 890 τρίχαςε
636 812 763 888 simplex
793 805 894 890 κείρω
916 813 1008 873 simili
1030 816 1180 875 sententia
1202 815 1289 875 Hom.
1304 813 1360 876 Od.

237 918 287 991 24,
301 917 342 976 46
365 913 527 974 invenitur.

321 1000 564 1095 ἀπορρίπτω
586 1016 682 1076 abicio
705 1015 778 1077 Cho.
793 1019 868 1078 913:
891 1004 989 1076 οὔτοι
1008 1005 1038 1076 σ’
1061 1001 1217 1098 ἀπέρριψ’
1240 1010 1286 1089 εἰς
1308 1007 1360 1078 dd·

235 1134 319 1197 μους
349 1111 565 1196 δσρυξένουςε
598 1136 688 1178 versu
718 1119 910 1179 antecedenti
940 1117 1062 1181 Orestes
1091 1121 1242 1182 obiecerat
1275 1123 1360 1181 matri

237 1234 325 1282 suae:
346 1214 493 1278 τεκοῦσα
513 1209 577 1298 γάρ
598 1204 631 1298 p'
654 1209 792 1300 ἐρριψας
814 1212 847 1291 ἐς
868 1207 908 1280 τὸ
932 1215 1098 1300 δυστυχές.

323 1306 569 1402 ἀποσκήπτω
592 1321 726 1400 demitto,
747 1324 831 1383 Pers.
847 1326 921 1384 742:
948 1314 980 1394 ἐς
1004 1316 1039 1383 δὲ
1059 1308 1154 1383 παιδ’
1175 1313 1257 1403 ἐμὸν
1278 1314 1361 1395 Ζεὺς

239 1413 434 1504 ἀπέσκηψεν
455 1409 616 1505 τελευτήν
638 1412 831 1499 θεσφάτων.

325 1528 412 1587 Hauc
434 1526 547 1586 codicis
569 1527 608 1587 ll.
629 1526 787 1588 lectionem
810 1530 915 1588 tenent
937 1526 1143 1589 Weckleinius
1173 1533 1203 1589 et
1226 1527 1360 1600 Woilius‚

238 1626 410 1691 Dindorfins
433 1629 464 1686 et
485 1627 674 1688 Hermannus
697 1630 812 1688 mutant
834 1629 865 1687 in
887 1619 1087 1707 ἐπέσκηψεν.

323 1714 597 1809 ἀποσκήπτειν
626 1747 718 1790 sensu
747 1731 870 1807 proprio
898 1729 936 1790 de
958 1729 1079 1792 fulmine
1102 1733 1209 1792 emisso
1231 1730 1361 1809 ponitur,

238 1839 271 1896 ut
292 1833 405 1894 Herod.
422 1837 449 1905 7,
471 1836 519 1910 10,
540 1836 571 1893 6:
601 1820 681 1913 ὁρᾷς
702 1862 745 1873 -
766 1814 813 1903 ως
847 1823 880 1903 ἐς
909 1821 1073 1913 οἰκήματα
1098 1822 1143 1891 τὰ
1161 1826 1298 1912 μέγιστα
1319 1864 1361 1874 -

239 1921 450 2013 ἀποσκήπτει
473 1933 527 2008 (sc.
546 1916 566 1990 ὃ
588 1923 682 2006 θεός)
704 1919 748 1992 cd
771 1927 878 2007 βέλεα.
922 1935 999 1994 Tum
1022 1934 1203 1995 transfertur
1225 1934 1264 1995 ad
1286 1935 1362 1995 mala

239 2037 383 2098 divinitus
398 2054 436 2095 ex
447 2035 613 2112 <improviso
628 2034 758 2095 fulminis
773 2036 868 2095 instar
882 2036 1020 2107 immissa,
1044 2039 1076 2095 ut
1091 2041 1211 2111 praeter
1226 2041 1360 2096 nostrum

238 2140 336 2200 locum
359 2136 604 2215 Diod.13,1oa:
626 2127 688 2218 τήν
710 2123 815 2216 ὀργήν
839 2120 1037 2218 ἀπέσκηψαν
1058 2130 1104 2207 εἰς
1125 2124 1288 2216 ἀνδραςλ)
1375 2202 1378 2205 ,

325 2234 571 2315 Valckenarius³)
594 2239 738 2317 exemplis
759 2239 860 2299 allatis
882 2238 1100 2301 demonstravit
1122 2225 1363 2320 ἀποσκήπτειν,

241 2331 448 2423 ἐνσκήπτειν,
471 2330 728 2419 κατασκήπτειν,
752 2327 1035 2419 ἐγκατασκήπτειν
1064 2342 1121 2402 hac
1144 2343 1289 2403 translata
1311 2360 1361 2402 no·

240 2449 321 2507 tione
342 2446 521 2523 plerumque
536 2446 685 2522 usurpari,
708 2433 925 2526 ἐπισκήπτειν
948 2445 1124 2521 plerumque
1140 2448 1245 2505 notare
1263 2462 1361 2517 „man-

242 2546 344 2609 dare“.
373 2577 415 2587 —
444 2546 503 2607 Sed
535 2549 568 2606 ut
588 2546 667 2606 hanc
689 2547 895 2624 quaestionem
916 2547 1067 2625 finiamus,
1099 2549 1173 2624 puto
1203 2552 1362 2623 utrumque

241 2651 365 2711 verbum
404 2633 635 2726 ἀποσκήπτειν
674 2648 744 2722 „ab·
777 2647 1042 2726 wegschleuderu“
1082 2652 1112 2710 et
1147 2637 1364 2728 ἐπισκήπτειν

246 2752 382 2827 „darauf-
405 2751 670 2828 hiuschleuderu“,
699 2771 759 2813 non
783 2752 905 2813 multum
928 2751 1050 2813 differre
1071 2771 1090 2812 a
1112 2751 1253 2830 simplici,
1281 2749 1363 2827 quod

121 2938 124 2939 γ
242 2857 387 2917 simillima
403 2856 524 2916 notione
539 2855 649 2915 dictum
664 2856 823 2933 invenitur,
839 2864 871 2916 ut
886 2856 991 2932 Agam.
1006 2857 1080 2917 378:
1103 2840 1197 2925 ὅπως
1218 2839 1271 2913 ἀν’
1281 2842 1365 2931 μήτε

241 2949 310 3039 πρὸ
346 2955 468 3041 καιροῦ
503 2944 586 3039 μήθ’
621 2943 707 3037 ὑπὲρ
744 2947 879 3038 ἄστρων
906 2953 1001 3035 βέλος
1036 2944 1174 3040 ἠλίθιον
1206 2948 1363 3037 σκήψειεν

244 3058 298 3143 (sc.
320 3051 425 3141 Ζεύς),
454 3068 484 3124 et
505 3065 592 3123 Eum.
612 3066 687 3125 804:
716 3070 809 3142 υμεῖς
832 3056 867 3122 δὲ
888 3059 929 3141 τή
950 3058 991 3141 γή
1012 3056 1090 3139 τήδε
1110 3053 1155 3140 μή
1177 3046 1286 3141 βαρὺν
1307 3051 1363 3119 κό-

243 3183 306 3226 τον
328 3155 516 3248 σκήψητεέ),
538 3165 575 3226 cf.
590 3167 662 3226 Eur.
677 3166 755 3226 Med.
774 3164 867 3227 1333:
896 3152 958 3224 τὸν
981 3151 1043 3224 σόν
1064 3148 1218 3244 ἀλάστορ’
1241 3156 1287 3235 εἰς
1315 3148 1364 3242 ἔμ’

244 3260 394 3350 ἐσκηψαν
415 3263 500 3328 θεοί.

330 3356 535 3450 ἀποστέγω
556 3390 653 3444 arceo,
675 3370 757 3449 Sept.
772 3374 847 3431 22οι
868 3362 1058 3447 δυσμενέων
1074 3354 1104 3426 d’
1119 3355 1222 3445 ὄχλον
1236 3358 1365 3447 πύργος

332 3523 355 3587 ¹)
372 3518 408 3574 cf.
421 3519 578 3574 Nauckium
590 3517 627 3572 ad
635 3517 661 3573 h.
672 3518 698 3586 l,
710 3517 759 3585 qui
771 3518 890 3586 priorem
902 3516 993 3569 locum
1005 3521 1110 3569 mutare
1122 3516 1235 3584 mavult,
1247 3516 1364 3571 alterum

245 3604 423 3661 artificiosius
440 3605 641 3673 interpretatur
658 3603 704 3658 vel
722 3609 810 3657 totum
828 3601 918 3656 reicit.

331 3694 356 3759 2)
374 3692 438 3745 Eur.
451 3690 564 3759 Hippoi.
576 3694 640 3745 438:
660 3681 747 3760 ἀργαὶ
764 3680 787 3742 d’
806 3680 835 3753 ἐς
853 3678 879 3742 o’
892 3678 1067 3756 ἀπέσκηψαν
1085 3689 1158 3752 θεᾶς
1175 3685 1289 3741 dubium
1307 3693 1364 3741 est:

245 3775 486 3842 Wilamowitnius,
503 3774 669 3830 novissimus
681 3773 773 3828 editor
784 3773 862 3841 (Eur.
879 3772 1060 3842 Hippolytos‚
1077 3771 1149 3827 Berl.
1164 3774 1249 3839 1891),
1267 3777 1365 3826 contra

246 3863 362 3918 aliorum
381 3856 554 3931 ἐπέσκηψαν
571 3861 653 3915 novis
671 3860 802 3914 librorum
815 3858 1063 3927 manuscriptorum
1076 3856 1271 3912 collationibus
1283 3855 1365 3912 nixus

246 3948 295 4017 (cf.
311 3948 340 4001 iu
359 3947 404 4002 ed.
421 3963 448 4016 p.
463 3949 523 4012 183)
541 3944 669 4001 defendit
686 3937 868 4014 ἀπέσκηψαν.

331 4034 353 4096 ⁸)
370 4031 400 4085 in
418 4032 462 4085 ed.
480 4029 592 4101 Hippol.
609 4031 646 4084 ad
663 4045 690 4084 v.
702 4033 761 4084 438.

331 4121 355 4183 ⁴)
372 4117 413 4171 sic
431 4115 532 4185 scripsi
550 4131 612 4170 cum
631 4114 764 4172 Elmsleio
781 4114 817 4168 ad
834 4113 901 4169 Eur.
920 4111 1071 4167 liodrada
1089 4115 1117 4164 et
1134 4109 1281 4165 Diodorfio
1298 4110 1364 4178 (lex.

245 4198 351 4259 Aesch.
363 4216 385 4256 s.
397 4202 445 4273 a).
