3196 4792
1356 213 1374 269 7

253 358 445 453 ἀποστέγει,
476 380 507 437 et
536 380 626 438 antea
655 397 683 438 v.
707 374 779 439 202:
808 367 944 457 πύργον
966 373 1094 458 στέγειν
1117 363 1254 456 εύχεσθε
1274 373 1375 439 πολέ-

195 511 199 520 ·
252 492 331 554 prov
353 466 445 554 δόρυ.

338 565 564 659 ἀφάλλομαι
592 581 710 654 duellio,
741 585 923 646 Perseos:
953 575 991 643 ἐκ
1018 574 1102 653 νεως
1124 569 1292 662 ἀφήλατο,
1323 584 1375 643 ubi

252 683 434 761 praepositio
464 668 532 742 ἀπό
561 702 786 763 supervacanea
813 685 935 746 videtur
967 704 1046 758 esse,
1080 687 1218 763 quoniam
1249 687 1380 765 remotio

252 786 474 863 praepositione
497 778 534 845 ἐκ
557 804 699 864 expressa
724 792 778 848 est.
1371 770 1374 775 ⁴

337 872 495 963 ἀφέλκω
528 889 686 966 degluttio,
718 891 804 950 Eum.
836 893 910 953 184:
947 883 1071 969 ἐμοῦσα
1106 880 1279 970 θρόμβους
1316 874 1375 962 οὓς

252 973 455 1064 ἀφείλκυσας
473 980 610 1065 Ἰφόνουε
643 993 770 1068 simplex
799 993 876 1053 idem
903 994 994 1070 valet,
1028 998 1061 1053 ut
1093 994 1165 1052 llus.
1192 992 1274 1070 (lyci
1299 996 1373 1053 417:

252 1077 393 1169 ἀμυστιν
417 1082 536 1152 ἕλκειν.
579 1091 732 1172 Aristoph.
748 1112 815 1170 equ.
833 1099 902 1158 107.

336 1195 374 1255 ΙΙ.
406 1195 635 1273 praepositionis
658 1200 791 1272 potestas
814 1215 870 1257 usu
885 1196 1034 1274 frequenti
1050 1200 1101 1257 aut
1115 1215 1241 1275 prorsus
1261 1196 1374 1257 interiit

251 1300 304 1357 aut
325 1298 506 1357 comminuta
528 1301 574 1358 est
596 1303 627 1359 ct
641 1303 756 1359 tantum
773 1304 938 1377 exaggerat
952 1301 1012 1359 vim
1028 1300 1170 1376 simplicis
1186 1299 1278 1360 verbi.
1305 1299 1373 1359 Huc

251 1402 389 1477 spectant
410 1400 563 1460 notissima
585 1401 743 1461 vocabula:

325 1484 613 1580 ἀποδείκνυμι,
644 1487 846 1583 ἀποδηλοῖ,
878 1487 1164 1581 ἀποθαυμάζω,
1188 1487 1372 1563 ἀποκτεί-

251 1618 319 1675 νω,
343 1589 601 1680 ἀποκρύπτω,
623 1588 840 1678 ἀπολείπω,
862 1590 1183 1683 ἀποσφάλλομαι,
1205 1588 1373 1679 ἀποτίω,

251 1691 532 1783 ἀποφαίνομαι,
555 1691 808 1787 ἀποφθείρω,
830 1695 1055 1783 ἀποφθίνω,
1076 1691 1272 1784 ἀποψιλω,
1289 1693 1373 1783 ἀφι-

250 1804 432 1884 κνοῦμαα

335 1909 403 1969 Ηοε
445 1929 570 1988 quoque
606 1910 762 1972 referenda
803 1916 874 1973 sunt
909 1911 1003 1972 verba
1043 1910 1175 1989 dicendi,
1216 1911 1373 1989 clamandi,

251 2011 405 2088 querendi.

334 2096 607 2191 ἀποδύσομαι*
641 2114 752 2189 (Prom.
776 2111 860 2193 664),
894 2098 1134 2191 ἀποκλάζω*
1157 2113 1273 2190 (Agam.
1290 2113 1372 2193 165),

250 2201 464 2275 ἀποκλαίω.
493 2247 529 2258 -
553 2202 813 2295 ἀπολολύζω*
842 2215 935 2295 (Sept
951 2215 1026 2291 810)
1055 2222 1161 2278 contra
1182 2217 1308 2296 Papium
1341 2222 1372 2277 et

249 2319 433 2378 Passowium
456 2318 535 2396 apud
557 2319 741 2397 Aeschylum
766 2339 825 2380 non
849 2323 969 2381 exstare
991 2314 1102 2397 puto.¹)

334 2421 428 2481 Paulo
450 2421 573 2482 uberius
595 2423 745 2483 tractabo:

335 2510 687 2604 inanescamus,
718 2524 821 2603 Suppl.
844 2528 919 2585 474:
948 2516 984 2582 ἐκ
1007 2512 1111 2583 τοῖνδ’
1133 2509 1226 2594 ὅπως
1246 2508 1371 2600 τάχιστ’

249 2609 465 2703 ἀπάγξασθαι
494 2622 597 2685 θεῶν.
648 2627 780 2705 Simplex
811 2646 872 2687 non
902 2626 1002 2687 differt
1032 2627 1071 2686 ab
1101 2626 1158 2686 hac
1181 2626 1310 2704 notione,
1337 2630 1370 2685 ut

249 2730 336 2788 Hom.
350 2729 386 2788 Il.
402 2733 431 2803 3,
445 2732 521 2791 371:
543 2717 620 2807 ἀγχε
644 2722 681 2788 δέ
700 2745 759 2808 μιν
773 2760 812 2771 -
828 2718 902 2807 ἱμὰς
917 2760 959 2770 -
974 2719 1042 2788 ύπὸ
1058 2719 1179 2811 δειρήν.
1217 2729 1370 2807 Aristoph.

249 2848 331 2906 vesp.
349 2834 441 2892 1039.

334 2917 575 3011 ἀπαμβλύνω
590 2932 732 3011 obtundo,
747 2935 844 2994 Prom.
860 2936 935 2996 892:
958 2917 1032 2993 ἀλλ’
1049 2917 1369 3016 ἀπαμβλυνθήσεται

249 3028 395 3116 γνώμην.
440 3034 520 3116 Sept.
547 3040 621 3098 702:
653 3031 864 3116 τεθηγμένον
891 3024 950 3096 τοί
983 3021 1016 3115 μ’
1046 3022 1110 3095 onix
1145 3020 1369 3115 ἀπαμβλυνεῖς

248 3131 348 3221 λόγῳ.
386 3142 492 3202 Priore
514 3141 579 3201 loco
602 3141 752 3200 notionem
768 3141 910 3218 simplicis
925 3141 1140 3219 compositione
1155 3146 1367 3218 exaggeratam

249 3260 315 3305 esse
337 3245 401 3305 iure
424 3243 482 3304 dici
504 3247 612 3322 potest,
642 3244 736 3304 altero
758 3262 832 3304 vero
855 3244 923 3305 loco
945 3262 1068 3321 prorsus
1090 3262 1145 3320 pro
1168 3243 1293 3321 simplici
1315 3261 1369 3321 po·

248 3347 334 3407 situm
358 3365 424 3408 esse
446 3350 573 3425 apparet
595 3346 696 3407 addita
717 3348 890 3423 negatione:
914 3365 982 3407 nam
1006 3366 1066 3407 nou
1089 3346 1147 3407 lroc
1170 3349 1251 3407 certe
1275 3346 1369 3406 voluit

248 3449 395 3522 Eteocles,
418 3450 573 3511 eonsilium
597 3468 683 3511 suum
705 3450 805 3527 aliquo
829 3450 926 3527 modo,
949 3450 1078 3510 sednon
1095 3448 1368 3526 prorsusobtundi.

251 3583 451 3593 ———-

333 3669 355 3730 ¹)
372 3665 469 3734 Suppl.
488 3668 551 3718 81οι
576 3660 704 3734 πότερον
724 3662 817 3736 χαίρω
841 3655 1034 3728 κάπολολύξω
1058 3660 1173 3728 πόλεως
1189 3655 1291 3733 ἷάσινεῑ
1313 3681 1368 3718 σω-

247 3756 325 3822 τῆριε
343 3748 536 3804 Blomfieldius
554 3749 590 3803 ad
606 3748 631 3804 h.
644 3750 662 3804 l.
674 3764 730 3803 non
741 3755 816 3803 reete
829 3750 954 3818 adnotat,
972 3743 1163 3814 κάπολολύξω
1176 3764 1211 3805 ex
1223 3747 1274 3805 καί
1287 3744 1367 3805 ἐπολ.

247 3842 337 3891 ortum
350 3850 413 3891 esse
426 3835 538 3903 debere,
556 3834 632 3903 quod
646 3826 729 3888 ἀπολ.
742 3834 917 3903 significaret
931 3835 1099 3901 ,exclamare
1111 3834 1263 3890 desinam“.
1287 3836 1367 3901 Quod

247 3935 328 3988 quam
346 3919 418 3975 falso
437 3919 541 3974 dietum
566 3918 618 3982 sit,
641 3917 722 3973 facile
745 3932 780 3972 ex
798 3918 894 3973 verbis
911 3918 1057 3973 simillimis
1076 3911 1274 3989 ἀποδύσομαι,
1297 3912 1366 3973 ἀπο-

246 4003 339 4059 κλαίω
358 4004 491 4074 cognosci
503 4004 577 4073 lieet‚
595 4017 667 4073 quae
679 4004 751 4059 idem
763 4008 863 4058 notant
874 4009 959 4072 atque
972 4003 1108 4072 simplicia
1119 4010 1148 4058 et
1159 4004 1366 4073 praepositione

248 4084 305 4143 ἀπό
324 4090 438 4159 paulum
456 4089 632 4144 corroborata
649 4095 723 4145 sunt.
760 4088 832 4144 Sane
850 4089 961 4158 quidem
980 4087 1032 4143 hoe
1049 4088 1118 4144 hoco
1136 4096 1246 4158 poetam
1265 4083 1366 4144 ἐπολο-

246 4166 323 4238 λύξω
342 4173 492 4230 usitavisse
510 4175 594 4230 credo
611 4180 727 4246 propter
745 4174 870 4230 dativum
889 4168 984 4228 ἀσινεῖ
1000 4177 1117 4245 σωτῆρι,
1143 4173 1180 4229 ef.
1192 4188 1215 4228 s.
1234 4167 1290 4230 ἐπί.
