3186 4810
228 210 269 272 14

312 369 550 458 έκπιὸῦομαι
565 380 704 455 scalario,
725 381 807 441 Pers.
823 383 900 442 817:
923 366 1084 441 κούδέπω
1097 376 1215 442 κακῶν
1230 374 1352 462 κρηπίς

226 468 377 557 ὕπεστιν,
401 467 472 541 ἀλλ’
494 466 541 541 ἔτ’
562 471 766 542 ἐκπιδύεται.
774 480 798 555 ¹)
842 483 880 544 of.
894 483 986 544 Auth.
1003 488 1052 563 lo,
1069 488 1117 563 13,
1133 489 1166 547 λι
1193 475 1301 545 καλὸν
1322 470 1352 545 ‹i'

227 569 298 646 ῦπό
319 578 492 663 πυθμέσιν
512 570 604 664 ῦέωρ
625 571 740 645 πιδῦει
762 604 787 646 e.
802 605 848 647 s·

312 679 467 747 έκπνέω
488 686 566 765 effla,
587 688 685 749 Prom.
701 692 777 750 375:
807 677 970 768 κεραυνὸς
1000 682 1155 750 ἐκπνέων
1176 682 1285 769 φλόγα
1315 691 1352 753 ο1.

226 790 313 853 Piri.
327 791 383 868 lrg.
400 794 460 852 112
476 786 646 867 (Boeolrh.):
669 786 739 869 πῦρ
753 785 919 863 πνέοντος
941 789 1110 872 κεραυνοῦ
1132 799 1163 855 et
1177 792 1268 873 Soph.
1284 794 1352 855 Ant

231 897 327 956 1146:
348 889 418 971 πῦρ
440 874 620 953 πνεόντων
639 877 755 971 χόραγ’
777 878 921 972 ἄστρων.

312 986 529 1076 έξηγοῦμαι
562 995 668 1056 educo.
726 997 786 1058 Suo
819 997 884 1057 iure
921 1001 1097 1074 usurpatum
1130 996 1251 1059 videtur
1287 1015 1353 1058 esse

227 1100 334 1178 Agam.
357 1101 433 1161 667:
461 1083 538 1180 ἦτοι
569 1114 620 1169 τις
648 1090 825 1177 ἐξέκλεψεν
854 1083 1119 1178 ἢξηγήσατοέ)
1163 1101 1354 1160 Hermannus

227 1202 333 1264 vertit:
366 1200 492 1274 „ducem
519 1219 552 1261 se
574 1199 743 1277 praebuit“,
773 1205 807 1262 ut
828 1201 918 1278 Soph.
933 1200 1008 1262 Oed.
1023 1202 1085 1264 001.
1103 1205 1185 1265 1520
1207 1205 1237 1263 et
1262 1204 1353 1274 1587,

228 1306 281 1366 sed
304 1309 366 1364 tum
389 1305 572 1383 praepositio
595 1302 681 1364 aliam
704 1304 763 1363 vim
792 1305 821 1364 in
845 1304 938 1365 verbo
967 1295 1171 1383 ἐξηγεῖσθαι,
1203 1304 1292 1366 aliam
1322 1304 1352 1363 in

227 1401 425 1466 ἐκκλέπτειν
454 1403 583 1479 habeti)
627 1404 761 1467 Keokius
791 1409 873 1467 reate
904 1407 1006 1467 vertit:
1035 1407 1078 1466 Er
1111 1405 1212 1468 lthrte
1234 1406 1353 1467 heraus.

227 1510 273 1572 Αο
295 1528 333 1570 ne
354 1509 428 1570 illud
451 1509 571 1587 quidem
595 1508 748 1570 offendere
772 1507 869 1584 debet,
892 1508 974 1585 quod
997 1510 1054 1569 hoo
1077 1510 1143 1571 loeo
1159 1509 1352 1588 compositum

228 1631 318 1673 sensu
342 1612 430 1673 looali
453 1616 629 1689 usurpatum
659 1615 719 1687 est,
748 1629 930 1688 quamquam
961 1612 1055 1673 altera
1086 1611 1264 1691 significatio
1290 1606 1354 1672 ‘du-

229 1735 292 1777 oem
316 1733 348 1776 se
370 1709 527 1792 praebere’
549 1714 687 1775 usitatior
709 1717 766 1785 est,
795 1714 972 1790 praesertim
1004 1733 1072 1776 oum
1102 1715 1154 1776 illa
1184 1719 1266 1776 oerte
1296 1714 1354 1792 pri·

230 1818 324 1878 maria
344 1817 446 1879 fuerit.

313 1910 503 1998 έξιχνεῦω
523 1920 684 1996 investigo,
706 1919 811 1996 Agam.
827 1922 903 1981 380:
934 1899 1097 1999 πάρεστίν
1125 1935 1180 1979 τοι
1201 1903 1273 1978 τόδ’
1294 1911 1355 1996 έξι·

228 2018 364 2101 χνεῦσαι
386 2019 552 2095 (Weiliuslz
584 2020 709 2098 simplex
739 2022 842 2082 eodem
874 2039 964 2081 sensu
996 2022 1148 2083 invenitur
1169 2022 1259 2100 Soph.
1279 2019 1353 2082 Oed.

228 2125 303 2203 Tyr.
318 2128 392 2187 221:
422 2108 547 2202 οὐγὰρ
571 2108 613 2189 ἂν
633 2110 766 2202 μακρὰν
790 2117 925 2201 ίχνευον
948 2110 1058 2195 αῦτός.
1102 2123 1214 2186 Contra
1236 2142 1353 2202 oompo·

230 2228 317 2288 situm
340 2225 554 2303 augmentandi
585 2243 692 2304 causa,
722 2231 754 2286 ut
776 2225 911 2300 videtur,
942 2227 1082 2287 usitatum
1114 2232 1160 2287 est
1181 2226 1356 2286 Eur.Baoh.

231 2333 307 2391 352:
337 2320 370 2388 oi
393 2323 422 2388 δ’
444 2311 508 2388 ἀνὰ
529 2315 631 2388 πόλιν
653 2322 840 2406 στείχοντες
862 2319 1071 2406 ἐξιχνεύσατε
1093 2318 1154 2388 τὸν
1185 2318 1355 2409 θηλύμορ-

231 2447 301 2508 φον
327 2424 435 2507 ξένον.
478 2430 519 2490 At
547 2431 576 2491 in
607 2430 664 2490 hoo
686 2429 829 2508 Aeschyli
853 2449 942 2492 versu
973 2431 1091 2491 minime
1113 2435 1213 2509 aptum
1236 2436 1281 2491 est
1303 2429 1354 2490 ali-

231 2553 321 2612 quam
344 2534 413 2594 vim.
427 2534 643 2612 praepositioni
675 2532 822 2611 tribuere,
852 2534 992 2611 quoniam
1022 2552 1071 2595 res
1099 2533 1195 2594 faoilis
1224 2536 1288 2594 erat
1315 2532 1354 2592 ad

230 2635 476 2714 intellegendum.

317 2731 517 2816 έξοκέλλω
539 2739 570 2798 in
593 2738 664 2798 litus
678 2736 764 2814 eioio,
786 2736 891 2815 Agam.
906 2741 981 2799 671:
1002 2721 1077 2819 μήτ’
1092 2729 1256 2813 ἐξοκεῖλαι
1270 2724 1356 2815 πρὸς

231 2835 442 2919 κραταίλεων
461 2829 581 2917 χθόνα.
617 2838 721 2917 Suppl.
736 2842 814 2900 447:
836 2833 893 2897 καὶ
915 2825 957 2921 δὴ
975 2832 1181 2918 πέφρασμαι·
1205 2832 1305 2918 δεῦρο
1329 2832 1358 2897 δ’

232 2936 485 3020 ignotitiam)
529 2942 662 3021 Simplex
685 2941 763 3002 illem
786 2942 883 3003 valet:
904 2942 1218 3021 Eur.lpl1.'l‘.13ltl:
1248 2926 1357 3012 δεινὸς

232 3035 295 3126 γὰρ
316 3036 453 3106 κλύδων
475 3031 592 3104 ὤκειλε
614 3040 701 3103 ναῦν
722 3032 809 3122 πρὸς
830 3039 900 3126 γῆν.

235 3164 241 3175 ·
318 3140 508 3227 έξορίνω*
541 3147 653 3225 excito,
685 3147 790 3223 Agam.
819 3150 913 3208 1631:
947 3134 988 3206 σύ
1010 3141 1031 3207 (ί
1052 3139 1203 3225 ἐξορίνας
1225 3139 1357 3226 νηπίοις

232 3233 421 3329 ὑλάγμασιν
443 3238 515 3327 ἄξῃ.

319 3503 342 3569 ¹)
360 3499 527 3554 Sohustaius
544 3502 618 3554 oerte
636 3502 710 3554 rente
728 3513 780 3569 pro
800 3490 1009 3553 έκιταισεύεται.

319 3577 606 3654 ’)οο(1.’ξρτήσατο,
631 3584 707 3653 quod
724 3584 901 3638 Hermannus
921 3581 991 3637 bene
1015 3579 1131 3636 refutat:
1159 3597 1258 3652 „qnam
1285 3581 1357 3635 enim

235 3676 365 3741 precetur
383 3670 454 3725 deus
472 3668 602 3724 malorem
620 3668 710 3723 ‹leoi‘

320 3758 343 3824 ⁸)
360 3753 412 3810 luae
430 3755 540 3824 quidem
559 3753 832 3809 oausaHermannus
850 3752 913 3822 ipse
924 3758 1081 3808 oommotus
1092 3758 1144 3821 est,
1162 3759 1195 3807 ut
1206 3751 1359 3820 corrigeret

234 3835 398 3911 ’ξῃρῆσατο,
410 3841 493 3895 nixus
505 3837 652 3909 Aristoph.
664 3838 774 3894 'rheam
789 3842 848 3907 761,
859 3838 908 3908 qui
920 3838 1031 3907 quidem
1044 3853 1144 3894 versus
1156 3852 1173 3891 a
1184 3837 1253 3892 viris
1265 3837 1358 3893 ‹lootis

235 3926 349 3995 spurius
367 3925 480 3981 habitus
499 3930 608 3981 estant
625 3922 793 3979 oonieoturis
804 3929 956 3988 oorreotus,
974 3921 1010 3978 of.
1021 3922 1194 3978 Lobsokium
1207 3922 1244 3977 ad
1254 3922 1359 3991 Phryn.

235 4026 298 4081 pag.
312 4014 370 4066 718.
397 4011 481 4067 (terte
499 4010 545 4065 hio
556 4008 677 4065 uenatus
689 4007 847 4064 inusitatior
859 4012 913 4075 eat,
929 4022 1011 4077 quam
1024 4023 1080 4077 quo
1091 4008 1128 4062 ud
1139 4007 1358 4063 emendationem

234 4095 451 4152 confirmandam
469 4100 587 4151 utamur.

320 4184 343 4247 ⁴)
361 4196 446 4236 sensu
463 4181 607 4250 translato,
625 4185 658 4235 ut
676 4177 762 4235 sohol.
779 4176 996 4247 interpretatur:
1021 4168 1114 4242 οῦτως
1130 4169 1291 4249 ἀποβαίνει.
