3196 4792
1312 241 1352 300 33

233 404 334 483 1140),
353 397 665 479 κατακαλύπτω,
680 397 968 485 κατακρύπτω,
983 399 1246 478 κατακτείνω,
1262 423 1354 466 κατ-

231 505 423 588 ανθρακῶ
453 508 589 586 (simplex
619 508 717 568 Proin.
734 505 825 584 388),
855 501 1077 585 καταπίνω,
1106 503 1355 571 καταπίπτω.

230 599 507 688 καταπτῆοοω,
530 603 834 688 καταοβίννυμι,
855 601 1111 687 καταοφάζω,
1132 620 1354 687 κατασφρα-

230 706 324 790 γίζω
347 710 485 789 (simplex
509 714 592 772 llum.
609 710 692 785 831),
715 706 990 791 καταφθείρω,
1012 705 1241 790 καταφθίω,
1263 728 1352 772 κατ-

231 809 411 892 εναρίζω,
432 803 664 892 κατδλλυμι.

315 908 530 994 ίγκαθίημι
545 917 643 988 inieio,
665 916 722 994 frg.
733 920 787 979 86:
809 909 917 975 ταῦτα
932 906 994 996 γὰρ
1009 904 1122 994 πατὴρ
1136 906 1220 987 Ζεύς
1234 909 1355 995 ἐγκαθ·

230 1014 271 1077 ίει
301 1011 406 1099 Λοξίᾳ
437 1011 659 1095 θεσπίσματα.
717 1018 850 1096 Simplex
881 1021 1075 1097 compositum
1106 1010 1213 1098 ἐνίημι
1248 1020 1354 1081 eodem

231 1121 317 1181 modo
340 1125 512 1196 usurpatur,
534 1119 571 1179 of.
586 1120 775 1181 Homerionm
799 1112 896 1196 ἐνῆκε
919 1114 956 1180 δέ
978 1112 1011 1180 οἱ
1031 1112 1139 1199 μένος.

315 1216 623 1299 ουγκαταβαίνω
639 1224 793 1299 convenio,
816 1224 978 1295 eonsentin
1000 1224 1194 1284 Eum.1047:
1216 1213 1301 1293 Ζεύς
1317 1207 1356 1293 (δ)

228 1310 406 1394 πανόπτας
430 1307 522 1382 ούτω
542 1314 655 1404 Μοῖρά
676 1341 713 1383 τε
736 1319 935 1402 ουγκατέβαε
959 1326 1143 1402 praepositio
1166 1311 1252 1384 κατά
1275 1326 1352 1386 abie-

230 1431 269 1489 eit
283 1428 342 1487 vim
365 1444 447 1487 suam
470 1432 501 1486 et
523 1445 622 1486 merae
645 1428 790 1488 ubertatis
815 1444 909 1488 eausa
924 1427 1027 1487 addita
1042 1432 1097 1487 est.
1134 1428 1256 1488 Poterat
1274 1429 1353 1489 enim

230 1531 288 1591 diei
310 1523 442 1602 ουνίβα.

315 1632 427 1694 Contra
450 1631 522 1693 Cho.
547 1635 623 1693 723:
653 1628 717 1691 νύν
747 1618 810 1710 γὰρ
840 1616 976 1711 ἀκμάζει
999 1620 1117 1691 Πειθῶ
1139 1627 1259 1692 δολίαν
1280 1634 1355 1711 ξυγ-

229 1731 413 1812 καταβῆναι
429 1733 552 1811 propria
567 1733 713 1810 quaedam
731 1735 811 1794 notio
827 1735 991 1812 oomposilo
1006 1735 1167 1795 tribuenda
1182 1739 1240 1812 est;
1255 1735 1354 1812 agitur

230 1838 307 1897 enim
331 1836 369 1895 de
391 1836 477 1895 simul
500 1833 711 1896 descendendo
735 1837 763 1895 in
788 1840 948 1897 certamen.

315 1939 351 1997 II.
396 1936 585 2014 Praepositio
617 1937 692 1996 nihil
725 1936 806 1997 aliud
838 1936 943 2015 efficit,
982 1937 1038 1997 nisi
1069 1943 1103 1997 ut
1135 1940 1180 1998 vis
1213 1939 1354 2017 simplicis

229 2043 384 2118 angeatur.
1228 2020 1233 2031 ’

314 2131 572 2219 καθαιμάοοω
600 2140 737 2218 (simplex
771 2141 853 2220 Sept.
883 2137 969 2217 261),
1003 2138 1187 2221 καθιερῶ
1217 2141 1354 2220 (simplex

229 2246 324 2305 Theo.
351 2246 379 2317 5,
401 2244 449 2319 ¹1),
481 2231 762 2322 καταθνῆοκω,
796 2234 1064 2320 καταισχύνω,
1100 2239 1353 2320 κατακρατῶ,

229 2337 471 2415 καταλείπω,
507 2333 733 2424 καταλῆγω,
770 2341 959 2419 καταξιῶ,
995 2333 1225 2415 καταπαύω,
1261 2359 1353 2402 κατ-

229 2438 382 2527 άρχωί),
415 2436 631 2523 κατατρύχω
663 2445 802 2523 (simplex
833 2447 943 2508 Herod.
968 2443 1107 2525 3,104),
1141 2440 1353 2524 κατείργω,

230 2544 521 2627 κατερείκομαι,
556 2538 847 2626 κατεύχομαιλ),
883 2543 1050 2627 κατέχω,
1087 2541 1353 2625 κατιοχναίνω

229 2652 367 2729 (simplex
390 2654 474 2713 Eum.
490 2649 573 2728 267),
594 2646 852 2729 κατοικτίζω,
874 2647 1070 2726 κατοκνῶ,
1092 2644 1290 2727 κατορθῶ.

314 2758 381 2816 Ηυο
403 2754 551 2815 aeoednnt

314 2854 497 2935 καθορῶ;

315 2961 336 3019 l.
373 2959 575 3036 compositum
599 2958 740 3035 simplicis
762 2959 856 3019 instar
879 2977 944 3020 esse
967 2960 1097 3021 arbitror
1118 2961 1148 3020 in
1182 2961 1240 3020 his:
1270 2962 1352 3020 Pers.

231 3066 304 3124 979:
327 3050 387 3130 τὰς
409 3045 575 3140 ὠγυγίους
597 3051 792 3132 κατιδόντες
814 3051 956 3139 στυγνὰς
973 3047 1123 3134 Ἀθάνας.
1158 3064 1240 3124 Pers.
1258 3066 1352 3125 1028:

229 3157 387 3224 κατεῖδον
405 3156 441 3223 δὲ
459 3157 542 3243 πῆμ’
557 3151 716 3223 ἄελπτον.
747 3164 850 3241 Agam.
866 3168 941 3226 480:
963 3154 1038 3243 μήτ’
1052 3151 1115 3224 οὖν
1131 3149 1233 3236 αύτδς
1249 3149 1353 3238 ἁλούς

228 3255 285 3327 ὑπ’
308 3255 423 3326 ἄλλων
444 3260 521 3340 βίον
543 3260 718 3345 κατίδοιμι.

314 3372 375 3430 Iam
397 3372 427 3430 in
444 3371 529 3431 Hom.
546 3370 646 3446 hymn.
660 3370 761 3447 Apoll.
779 3374 852 3432 135:
872 3367 984 3449 χρυσῶ
999 3363 1029 3428 δ’
1043 3356 1106 3449 δρα
1120 3367 1224 3451 Δῆλος
1239 3357 1351 3431 ἅπασα

229 3467 377 3550 βεβρίθει
398 3470 582 3552 καθορῶσα
606 3459 682 3544 Διὸς
704 3471 838 3554 Λητοῦς
860 3490 896 3532 τε
925 3467 1093 3553 γενέθλην
1122 3475 1352 3551 praepositionis

229 3574 275 3633 vis
297 3593 420 3650 prorsus
443 3577 573 3636 evanuit.

314 3677 352 3735 11.
398 3677 585 3754 Praepositio
619 3685 785 3757 exaggerat
820 3683 849 3739 et
881 3678 1010 3740 intendit
1042 3680 1100 3739 vim
1134 3680 1285 3757 simplidis,
1320 3684 1353 3738 ut

235 3792 434 3800 -—————

316 3856 337 3919 1)
355 3855 502 3938 Pers3354
524 3851 632 3909 Atossa
655 3856 823 3924 interrogat:
850 3856 925 3921 τίνες
953 3860 1109 3928 κατῆρξαν,
1136 3867 1165 3913 ot
1191 3859 1225 3914 ab
1252 3858 1351 3913 nuntio

229 3939 413 4008 respondetur
430 3940 522 4009 ἦρξαν
539 3936 595 4007 μὲν
612 3955 637 3994 e.
649 3956 675 4008 q.
688 3956 711 3995 s.

314 4027 338 4091 ί)
354 4020 531 4094 κατεύχομαι
549 4019 708 4094 significare
727 4027 799 4081 solet
816 4030 941 4094 ‚pr-seor,
959 4033 990 4082 ut
1008 4029 1133 4096 simplex,
1151 4034 1270 4095 excepto
1288 4029 1352 4083 loeo

229 4108 307 4178 Sept.
319 4112 381 4164 620:
399 4100 462 4172 οίας
480 4100 585 4179 δρᾶται
603 4105 653 4162 καί
670 4103 842 4177 κατεύχεται
862 4105 959 4178 τύχας,
983 4110 1031 4164 ubi
1049 4111 1257 4179 praepositione
1275 4107 1351 4163 κατά

229 4194 394 4265 exprimitur
411 4207 509 4266 preoes
528 4209 589 4250 oum
609 4193 774 4249 detrimento
792 4193 962 4265 reipublicae
981 4208 1043 4248 esso
1061 4193 1147 4248 fusos.

1183 4298 1198 4352 θ
