<?xml version="1.0" encoding="UTF-8"?>
<!DOCTYPE html PUBLIC "-//W3C//DTD XHTML 1.0 Transitional//EN"
    "http://www.w3.org/TR/xhtml1/DTD/xhtml1-transitional.dtd">
<html xmlns="http://www.w3.org/1999/xhtml" xml:lang="en" lang="en">
 <head>
  <title>
</title>
<meta http-equiv="Content-Type" content="text/html;charset=utf-8" />
  <meta name='ocr-system' content='tesseract 3.04.00' />
  <meta name='ocr-capabilities' content='ocr_page ocr_carea ocr_par ocr_line ocrx_word'/>
</head>
<body>
  <div class='ocr_page' id='page_1' title='image "./quaestionesaesc00lessgoog_0049.png"; bbox 0 0 3196 4792; ppageno 0'>
   <div class='ocr_carea' id='block_1_1' title="bbox 745 379 837 462">
    <p class='ocr_par' dir='ltr' id='par_1_1' title="bbox 745 379 837 462">
     <span class='ocr_line' id='line_1_1' title="bbox 745 379 837 462; baseline 0 -18"><span class='ocrx_word' id='word_1_1' title='bbox 745 379 837 462; x_wconf 91' lang='grc' dir='ltr'><strong><em>Περί.</em></strong></span> 
     </span>
    </p>
   </div>
   <div class='ocr_carea' id='block_1_2' title="bbox 227 502 1353 1601">
    <p class='ocr_par' dir='ltr' id='par_1_2' title="bbox 229 502 1352 785">
     <span class='ocr_line' id='line_1_2' title="bbox 315 502 1352 584; baseline 0.004 -22"><span class='ocrx_word' id='word_1_2' title='bbox 315 502 388 563; x_wconf 80' lang='lat' dir='ltr'>Cum</span> <span class='ocrx_word' id='word_1_3' title='bbox 417 503 520 580; x_wconf 84' lang='lat' dir='ltr'>verba,</span> <span class='ocrx_word' id='word_1_4' title='bbox 548 506 577 564; x_wconf 94' lang='lat' dir='ltr'>in</span> <span class='ocrx_word' id='word_1_5' title='bbox 609 506 719 583; x_wconf 88' lang='lat' dir='ltr'>quibus</span> <span class='ocrx_word' id='word_1_6' title='bbox 751 508 934 584; x_wconf 83' lang='lat' dir='ltr'><strong>praepositio</strong></span> <span class='ocrx_word' id='word_1_7' title='bbox 964 506 1154 567; x_wconf 77' lang='lat' dir='ltr'><strong>abundanter</strong></span> <span class='ocrx_word' id='word_1_8' title='bbox 1181 509 1278 583; x_wconf 87' lang='lat' dir='ltr'>posita</span> <span class='ocrx_word' id='word_1_9' title='bbox 1305 509 1352 579; x_wconf 82' lang='lat' dir='ltr'>sit,</span> 
     </span>
     <span class='ocr_line' id='line_1_3' title="bbox 229 604 1351 686; baseline 0.004 -23"><span class='ocrx_word' id='word_1_10' title='bbox 229 604 311 681; x_wconf 87' lang='lat' dir='ltr'>apud</span> <span class='ocrx_word' id='word_1_11' title='bbox 333 604 515 682; x_wconf 78' lang='lat' dir='ltr'><strong>Aeschylum</strong></span> <span class='ocrx_word' id='word_1_12' title='bbox 538 625 598 667; x_wconf 91' lang='lat' dir='ltr'>non</span> <span class='ocrx_word' id='word_1_13' title='bbox 620 606 821 685; x_wconf 82' lang='lat' dir='ltr'>inveniantur,</span> <span class='ocrx_word' id='word_1_14' title='bbox 844 609 1021 685; x_wconf 85' lang='lat' dir='ltr'>ubertatem,</span> <span class='ocrx_word' id='word_1_15' title='bbox 1042 625 1121 686; x_wconf 89' lang='lat' dir='ltr'>quae</span> <span class='ocrx_word' id='word_1_16' title='bbox 1144 610 1174 668; x_wconf 92' lang='lat' dir='ltr'>in</span> <span class='ocrx_word' id='word_1_17' title='bbox 1194 608 1351 670; x_wconf 86' lang='lat' dir='ltr'>adiectivis</span> 
     </span>
     <span class='ocr_line' id='line_1_4' title="bbox 229 707 1016 785; baseline 0.006 -19"><span class='ocrx_word' id='word_1_18' title='bbox 229 707 421 785; x_wconf 77' lang='lat' dir='ltr'>conspicitur,</span> <span class='ocrx_word' id='word_1_19' title='bbox 443 709 548 785; x_wconf 88' lang='lat' dir='ltr'>paucis</span> <span class='ocrx_word' id='word_1_20' title='bbox 571 727 803 771; x_wconf 91' lang='lat' dir='ltr'>commemorare</span> <span class='ocrx_word' id='word_1_21' title='bbox 826 711 896 771; x_wconf 90' lang='lat' dir='ltr'>mihi</span> <span class='ocrx_word' id='word_1_22' title='bbox 920 711 1016 771; x_wconf 84' lang='lat' dir='ltr'>liceat</span> 
     </span>
    </p>

    <p class='ocr_par' dir='ltr' id='par_1_3' title="bbox 232 796 1351 989">
     <span class='ocr_line' id='line_1_5' title="bbox 314 796 1351 892; baseline 0.005 -25"><span class='ocrx_word' id='word_1_23' title='bbox 314 803 528 889; x_wconf 83' lang='grc' dir='ltr'><strong><em>περίβαρυς</em></strong></span> <span class='ocrx_word' id='word_1_24' title='bbox 541 808 563 885; x_wconf 87' lang='lat'>¹)</span> <span class='ocrx_word' id='word_1_25' title='bbox 589 815 774 890; x_wconf 78' lang='lat' dir='ltr'>praegravis,</span> <span class='ocrx_word' id='word_1_26' title='bbox 803 813 889 874; x_wconf 80' lang='lat' dir='ltr'>Eum.</span> <span class='ocrx_word' id='word_1_27' title='bbox 911 816 984 876; x_wconf 86' lang='lat'>161:</span> <span class='ocrx_word' id='word_1_28' title='bbox 1013 804 1099 891; x_wconf 88' lang='grc' dir='ltr'>βαρὺ</span> <span class='ocrx_word' id='word_1_29' title='bbox 1124 796 1165 872; x_wconf 85' lang='grc' dir='ltr'>τό</span> <span class='ocrx_word' id='word_1_30' title='bbox 1188 807 1351 892; x_wconf 77' lang='grc' dir='ltr'><strong><em>περίβαρυ</em></strong></span> 
     </span>
     <span class='ocr_line' id='line_1_6' title="bbox 232 927 346 989; baseline -0.009 -20"><span class='ocrx_word' id='word_1_31' title='bbox 232 927 346 989; x_wconf 87' lang='grc' dir='ltr'><strong><em>κρυος.</em></strong></span> 
     </span>
    </p>

    <p class='ocr_par' dir='ltr' id='par_1_4' title="bbox 229 1001 1351 1197">
     <span class='ocr_line' id='line_1_7' title="bbox 313 1001 1351 1097; baseline 0.005 -26"><span class='ocrx_word' id='word_1_32' title='bbox 313 1011 533 1094; x_wconf 78' lang='grc' dir='ltr'><strong><em>περιοργως</em></strong></span> <span class='ocrx_word' id='word_1_33' title='bbox 560 1016 761 1096; x_wconf 87' lang='lat' dir='ltr'>vehementer,</span> <span class='ocrx_word' id='word_1_34' title='bbox 789 1019 894 1097; x_wconf 83' lang='lat' dir='ltr'>Agam.</span> <span class='ocrx_word' id='word_1_35' title='bbox 915 1021 992 1080; x_wconf 80' lang='lat'>226:</span> <span class='ocrx_word' id='word_1_36' title='bbox 1024 1001 1109 1097; x_wconf 79' lang='grc' dir='ltr'><strong><em>όργόι</em></strong></span> <span class='ocrx_word' id='word_1_37' title='bbox 1129 1014 1351 1097; x_wconf 63' lang='grc' dir='ltr'><strong><em>περιοργοόςλ)</em></strong></span> 
     </span>
     <span class='ocr_line' id='line_1_8' title="bbox 229 1106 535 1197; baseline 0.003 -22"><span class='ocrx_word' id='word_1_38' title='bbox 229 1106 407 1194; x_wconf 78' lang='grc' dir='ltr'><strong><em>ἐπιθυμεῖν</em></strong></span> <span class='ocrx_word' id='word_1_39' title='bbox 429 1112 535 1197; x_wconf 85' lang='grc' dir='ltr'><strong><em>θέμις.</em></strong></span> 
     </span>
    </p>

    <p class='ocr_par' dir='ltr' id='par_1_5' title="bbox 227 1205 1353 1601">
     <span class='ocr_line' id='line_1_9' title="bbox 313 1205 1353 1303; baseline 0.003 -25"><span class='ocrx_word' id='word_1_40' title='bbox 313 1211 594 1299; x_wconf 82' lang='grc' dir='ltr'><em>περισσόφρων</em></span> <span class='ocrx_word' id='word_1_41' title='bbox 620 1221 708 1283; x_wconf 88' lang='lat' dir='ltr'>valde</span> <span class='ocrx_word' id='word_1_42' title='bbox 731 1223 878 1301; x_wconf 85' lang='lat' dir='ltr'>prudens,</span> <span class='ocrx_word' id='word_1_43' title='bbox 904 1225 1002 1284; x_wconf 86' lang='lat' dir='ltr'>Prom.</span> <span class='ocrx_word' id='word_1_44' title='bbox 1023 1226 1101 1285; x_wconf 79' lang='lat'><strong>328:</strong></span> <span class='ocrx_word' id='word_1_45' title='bbox 1131 1209 1152 1303; x_wconf 79' lang='grc' dir='ltr'>ἢ</span> <span class='ocrx_word' id='word_1_46' title='bbox 1175 1209 1239 1282; x_wconf 86' lang='grc' dir='ltr'>οόκ</span> <span class='ocrx_word' id='word_1_47' title='bbox 1261 1205 1353 1282; x_wconf 76' lang='grc' dir='ltr'>οἶσθ&gt;</span> 
     </span>
     <span class='ocr_line' id='line_1_10' title="bbox 227 1309 1353 1403; baseline 0.001 -19"><span class='ocrx_word' id='word_1_48' title='bbox 227 1314 375 1401; x_wconf 80' lang='grc' dir='ltr'><strong><em>οἶκριβως</em></strong></span> <span class='ocrx_word' id='word_1_49' title='bbox 404 1309 455 1382; x_wconf 79' lang='grc' dir='ltr'>οόν</span> <span class='ocrx_word' id='word_1_50' title='bbox 482 1313 739 1403; x_wconf 81' lang='grc' dir='ltr'><strong><em>περιουόφρων;</em></strong></span> <span class='ocrx_word' id='word_1_51' title='bbox 776 1325 980 1386; x_wconf 87' lang='lat' dir='ltr'>Weckleinius</span> <span class='ocrx_word' id='word_1_52' title='bbox 1012 1326 1090 1386; x_wconf 91' lang='lat' dir='ltr'>bene</span> <span class='ocrx_word' id='word_1_53' title='bbox 1122 1326 1210 1386; x_wconf 85' lang='lat' dir='ltr'>affert</span> <span class='ocrx_word' id='word_1_54' title='bbox 1242 1325 1353 1385; x_wconf 89' lang='lat' dir='ltr'>similes</span> 
     </span>
     <span class='ocr_line' id='line_1_11' title="bbox 228 1412 1352 1504; baseline -0.002 -19"><span class='ocrx_word' id='word_1_55' title='bbox 228 1425 432 1503; x_wconf 75' lang='lat' dir='ltr'>pleonasmos:</span> <span class='ocrx_word' id='word_1_56' title='bbox 455 1426 539 1485; x_wconf 90' lang='lat' dir='ltr'>Pers.</span> <span class='ocrx_word' id='word_1_57' title='bbox 555 1428 633 1487; x_wconf 78' lang='lat'>796:</span> <span class='ocrx_word' id='word_1_58' title='bbox 655 1412 894 1504; x_wconf 77' lang='grc' dir='ltr'><strong><em>ὑπερπόλλους</em></strong></span> <span class='ocrx_word' id='word_1_59' title='bbox 910 1414 996 1503; x_wconf 86' lang='grc' dir='ltr'><strong><em>όγαν</em></strong></span> <span class='ocrx_word' id='word_1_60' title='bbox 1006 1420 1040 1504; x_wconf 82' lang='lat'>³),</span> <span class='ocrx_word' id='word_1_61' title='bbox 1062 1426 1096 1486; x_wconf 85' lang='grc' dir='ltr'>ΙΙ.</span> <span class='ocrx_word' id='word_1_62' title='bbox 1113 1429 1209 1504; x_wconf 81' lang='grc'><strong>7,39;</strong></span> <span class='ocrx_word' id='word_1_63' title='bbox 1232 1413 1352 1485; x_wconf 84' lang='grc' dir='ltr'><strong><em>οἰόθεν</em></strong></span> 
     </span>
     <span class='ocr_line' id='line_1_12' title="bbox 229 1515 775 1601; baseline 0 -14"><span class='ocrx_word' id='word_1_64' title='bbox 229 1515 300 1599; x_wconf 80' lang='grc' dir='ltr'><strong><em>οἷος</em></strong></span> <span class='ocrx_word' id='word_1_65' title='bbox 323 1534 354 1588; x_wconf 92' lang='lat' dir='ltr'>et</span> <span class='ocrx_word' id='word_1_66' title='bbox 374 1547 404 1586; x_wconf 89' lang='lat' dir='ltr'>v.</span> <span class='ocrx_word' id='word_1_67' title='bbox 419 1530 474 1590; x_wconf 77' lang='lat'>97:</span> <span class='ocrx_word' id='word_1_68' title='bbox 499 1515 642 1587; x_wconf 84' lang='grc' dir='ltr'><strong><em>αἰνόθεν</em></strong></span> <span class='ocrx_word' id='word_1_69' title='bbox 664 1522 775 1601; x_wconf 80' lang='grc' dir='ltr'><strong><em>αἰνῶς.</em></strong></span> 
     </span>
    </p>
   </div>
   <div class='ocr_carea' id='block_1_3' title="bbox 230 1721 1354 2347">
    <p class='ocr_par' dir='ltr' id='par_1_6' title="bbox 230 1721 1354 2347">
     <span class='ocr_line' id='line_1_13' title="bbox 747 1721 831 1813; baseline 0 -19"><span class='ocrx_word' id='word_1_70' title='bbox 747 1721 831 1813; x_wconf 89' lang='grc' dir='ltr'><strong><em>Πρό.</em></strong></span> 
     </span>
     <span class='ocr_line' id='line_1_14' title="bbox 314 1844 1353 1934; baseline 0.001 -20"><span class='ocrx_word' id='word_1_71' title='bbox 314 1854 336 1914; x_wconf 92' lang='grc' dir='ltr'>Ι.</span> <span class='ocrx_word' id='word_1_72' title='bbox 369 1855 551 1932; x_wconf 82' lang='lat' dir='ltr'>praepositio</span> <span class='ocrx_word' id='word_1_73' title='bbox 574 1844 642 1934; x_wconf 91' lang='grc' dir='ltr'>πρό</span> <span class='ocrx_word' id='word_1_74' title='bbox 665 1857 750 1915; x_wconf 92' lang='lat' dir='ltr'>notat</span> <span class='ocrx_word' id='word_1_75' title='bbox 779 1855 809 1915; x_wconf 90' lang='lat' dir='ltr'>in</span> <span class='ocrx_word' id='word_1_76' title='bbox 834 1855 1005 1933; x_wconf 90' lang='lat' dir='ltr'>compositis</span> <span class='ocrx_word' id='word_1_77' title='bbox 1027 1857 1175 1919; x_wconf 89' lang='lat' dir='ltr'>actionem</span> <span class='ocrx_word' id='word_1_78' title='bbox 1205 1856 1243 1916; x_wconf 82' lang='lat' dir='ltr'>ad</span> <span class='ocrx_word' id='word_1_79' title='bbox 1272 1859 1353 1916; x_wconf 90' lang='lat' dir='ltr'>ante-</span> 
     </span>
     <span class='ocr_line' id='line_1_15' title="bbox 231 1956 706 2035; baseline 0 -19"><span class='ocrx_word' id='word_1_80' title='bbox 231 1957 337 2018; x_wconf 91' lang='lat' dir='ltr'>riorem</span> <span class='ocrx_word' id='word_1_81' title='bbox 361 1961 475 2034; x_wconf 87' lang='lat' dir='ltr'>partem</span> <span class='ocrx_word' id='word_1_82' title='bbox 499 1956 706 2035; x_wconf 86' lang='lat' dir='ltr'>pertinentem.</span> 
     </span>
     <span class='ocr_line' id='line_1_16' title="bbox 314 2045 1354 2140; baseline 0.001 -22"><span class='ocrx_word' id='word_1_83' title='bbox 314 2054 524 2139; x_wconf 90' lang='grc' dir='ltr'><strong><em>προβαίνω</em></strong></span> <span class='ocrx_word' id='word_1_84' title='bbox 553 2060 699 2138; x_wconf 84' lang='lat' dir='ltr'>procedo,</span> <span class='ocrx_word' id='word_1_85' title='bbox 733 2061 833 2121; x_wconf 89' lang='lat' dir='ltr'>Prom.</span> <span class='ocrx_word' id='word_1_86' title='bbox 856 2062 934 2122; x_wconf 79' lang='lat'><strong>263:</strong></span> <span class='ocrx_word' id='word_1_87' title='bbox 966 2049 1011 2139; x_wconf 80' lang='grc' dir='ltr'>μή</span> <span class='ocrx_word' id='word_1_88' title='bbox 1039 2049 1108 2118; x_wconf 87' lang='grc' dir='ltr'>πού</span> <span class='ocrx_word' id='word_1_89' title='bbox 1141 2077 1174 2118; x_wconf 93' lang='grc' dir='ltr'>τι</span> <span class='ocrx_word' id='word_1_90' title='bbox 1203 2045 1354 2140; x_wconf 84' lang='grc' dir='ltr'><strong><em>προὺβης</em></strong></span> 
     </span>
     <span class='ocr_line' id='line_1_17' title="bbox 230 2155 1354 2243; baseline 0.002 -22"><span class='ocrx_word' id='word_1_91' title='bbox 230 2156 341 2221; x_wconf 79' lang='grc' dir='ltr'><strong><em>τῶνδε</em></strong></span> <span class='ocrx_word' id='word_1_92' title='bbox 364 2156 421 2220; x_wconf 86' lang='grc' dir='ltr'>καὶ</span> <span class='ocrx_word' id='word_1_93' title='bbox 442 2156 641 2241; x_wconf 80' lang='grc' dir='ltr'><strong><em>περαιτέρω,</em></strong></span> <span class='ocrx_word' id='word_1_94' title='bbox 672 2163 722 2224; x_wconf 90' lang='lat' dir='ltr'>nbi</span> <span class='ocrx_word' id='word_1_95' title='bbox 748 2164 799 2223; x_wconf 86' lang='lat' dir='ltr'>vel</span> <span class='ocrx_word' id='word_1_96' title='bbox 825 2155 1012 2243; x_wconf 79' lang='grc' dir='ltr'><strong><em>περαιτέρω</em></strong></span> <span class='ocrx_word' id='word_1_97' title='bbox 1035 2164 1117 2223; x_wconf 83' lang='grc' dir='ltr'><strong><em>οοίίο</em></strong></span> <span class='ocrx_word' id='word_1_98' title='bbox 1141 2161 1264 2223; x_wconf 87' lang='lat' dir='ltr'>ulterius</span> <span class='ocrx_word' id='word_1_99' title='bbox 1287 2181 1354 2240; x_wconf 90' lang='lat' dir='ltr'>pro·</span> 
     </span>
     <span class='ocr_line' id='line_1_18' title="bbox 231 2249 1354 2347; baseline -0.003 -21"><span class='ocrx_word' id='word_1_100' title='bbox 231 2265 385 2344; x_wconf 85' lang='lat' dir='ltr'>grediendl</span> <span class='ocrx_word' id='word_1_101' title='bbox 410 2266 594 2343; x_wconf 85' lang='lat' dir='ltr'>exprimitur.</span> <span class='ocrx_word' id='word_1_102' title='bbox 637 2265 807 2343; x_wconf 82' lang='lat' dir='ltr'>Simplicius</span> <span class='ocrx_word' id='word_1_103' title='bbox 824 2268 908 2328; x_wconf 91' lang='lat' dir='ltr'>Dem.</span> <span class='ocrx_word' id='word_1_104' title='bbox 924 2270 973 2344; x_wconf 78' lang='lat'>23,</span> <span class='ocrx_word' id='word_1_105' title='bbox 985 2269 1065 2328; x_wconf 75' lang='lat'>203:</span> <span class='ocrx_word' id='word_1_106' title='bbox 1087 2249 1126 2325; x_wconf 84' lang='grc' dir='ltr'>τό</span> <span class='ocrx_word' id='word_1_107' title='bbox 1141 2263 1277 2345; x_wconf 81' lang='grc' dir='ltr'><strong><em>πρᾶγμα</em></strong></span> <span class='ocrx_word' id='word_1_108' title='bbox 1291 2250 1354 2347; x_wconf 75' lang='grc' dir='ltr'>ἥδη</span> 
     </span>
    </p>
   </div>
   <div class='ocr_carea' id='block_1_4' title="bbox 229 2362 1357 3682">
    <p class='ocr_par' dir='ltr' id='par_1_7' title="bbox 229 2362 675 2448">
     <span class='ocr_line' id='line_1_19' title="bbox 229 2362 675 2448; baseline 0.004 -21"><span class='ocrx_word' id='word_1_109' title='bbox 229 2363 286 2427; x_wconf 88' lang='grc' dir='ltr'>καὶ</span> <span class='ocrx_word' id='word_1_110' title='bbox 308 2362 516 2448; x_wconf 81' lang='grc' dir='ltr'><strong><em>πορρωτέρω</em></strong></span> <span class='ocrx_word' id='word_1_111' title='bbox 540 2363 675 2447; x_wconf 76' lang='grc' dir='ltr'><strong><em>βαδίζει.</em></strong></span> 
     </span>
    </p>

    <p class='ocr_par' dir='ltr' id='par_1_8' title="bbox 230 2460 1355 2754">
     <span class='ocr_line' id='line_1_20' title="bbox 315 2460 1355 2550; baseline -0.004 -19"><span class='ocrx_word' id='word_1_112' title='bbox 315 2464 581 2550; x_wconf 83' lang='grc' dir='ltr'><strong><em>προόείκνυμι</em></strong></span> <span class='ocrx_word' id='word_1_113' title='bbox 596 2475 812 2550; x_wconf 83' lang='lat' dir='ltr'>praemonstro,</span> <span class='ocrx_word' id='word_1_114' title='bbox 827 2474 926 2533; x_wconf 87' lang='lat' dir='ltr'>Prom.</span> <span class='ocrx_word' id='word_1_115' title='bbox 941 2475 1016 2535; x_wconf 86' lang='lat'>805:</span> <span class='ocrx_word' id='word_1_116' title='bbox 1031 2460 1213 2550; x_wconf 77' lang='grc' dir='ltr'><strong><em>πρόδειξον</em></strong></span> <span class='ocrx_word' id='word_1_117' title='bbox 1228 2462 1355 2549; x_wconf 76' lang='grc' dir='ltr'><strong><em>αἵρεσίν</em></strong></span> 
     </span>
     <span class='ocr_line' id='line_1_21' title="bbox 230 2558 1355 2652; baseline -0.002 -20"><span class='ocrx_word' id='word_1_118' title='bbox 230 2558 260 2632; x_wconf 80' lang='grc' dir='ltr'>τ’</span> <span class='ocrx_word' id='word_1_119' title='bbox 284 2566 357 2652; x_wconf 81' lang='grc' dir='ltr'><strong><em>ἐμοὶ</em></strong></span> <span class='ocrx_word' id='word_1_120' title='bbox 380 2567 484 2633; x_wconf 80' lang='grc' dir='ltr'><strong><em>δίδου.</em></strong></span> <span class='ocrx_word' id='word_1_121' title='bbox 537 2575 635 2634; x_wconf 84' lang='lat' dir='ltr'>Prcm.</span> <span class='ocrx_word' id='word_1_122' title='bbox 658 2577 719 2636; x_wconf 85' lang='grc'>633</span> <span class='ocrx_word' id='word_1_123' title='bbox 743 2580 773 2634; x_wconf 87' lang='lat' dir='ltr'>et</span> <span class='ocrx_word' id='word_1_124' title='bbox 795 2577 856 2635; x_wconf 82' lang='lat'>655</span> <span class='ocrx_word' id='word_1_125' title='bbox 886 2575 916 2634; x_wconf 93' lang='lat' dir='ltr'>in</span> <span class='ocrx_word' id='word_1_126' title='bbox 939 2574 1024 2633; x_wconf 89' lang='lat' dir='ltr'>simili</span> <span class='ocrx_word' id='word_1_127' title='bbox 1047 2573 1191 2633; x_wconf 87' lang='lat' dir='ltr'>orationis</span> <span class='ocrx_word' id='word_1_128' title='bbox 1213 2575 1355 2633; x_wconf 87' lang='lat' dir='ltr'>contextu</span> 
     </span>
     <span class='ocr_line' id='line_1_22' title="bbox 232 2676 517 2754; baseline 0.004 -19"><span class='ocrx_word' id='word_1_129' title='bbox 232 2676 358 2754; x_wconf 87' lang='lat' dir='ltr'>simplex</span> <span class='ocrx_word' id='word_1_130' title='bbox 382 2677 517 2737; x_wconf 89' lang='lat' dir='ltr'>usitatur.</span> 
     </span>
    </p>

    <p class='ocr_par' dir='ltr' id='par_1_9' title="bbox 231 2766 1356 3044">
     <span class='ocr_line' id='line_1_23' title="bbox 315 2766 1356 2858; baseline -0.001 -21"><span class='ocrx_word' id='word_1_131' title='bbox 315 2767 530 2858; x_wconf 85' lang='grc' dir='ltr'><strong><em>πρόκειμαι</em></strong></span> <span class='ocrx_word' id='word_1_132' title='bbox 556 2783 725 2858; x_wconf 88' lang='lat' dir='ltr'>prostratas</span> <span class='ocrx_word' id='word_1_133' title='bbox 747 2779 838 2851; x_wconf 84' lang='lat' dir='ltr'>iaceo,</span> <span class='ocrx_word' id='word_1_134' title='bbox 870 2776 951 2856; x_wconf 81' lang='lat' dir='ltr'>Sept.</span> <span class='ocrx_word' id='word_1_135' title='bbox 973 2780 1051 2841; x_wconf 83' lang='lat'><strong>949:</strong></span> <span class='ocrx_word' id='word_1_136' title='bbox 1081 2766 1265 2855; x_wconf 84' lang='grc' dir='ltr'><strong><em>πρόκεισαι.</em></strong></span> <span class='ocrx_word' id='word_1_137' title='bbox 1311 2777 1356 2836; x_wconf 89' lang='lat' dir='ltr'>De</span> 
     </span>
     <span class='ocr_line' id='line_1_24' title="bbox 231 2879 1355 2961; baseline -0.002 -20"><span class='ocrx_word' id='word_1_138' title='bbox 231 2881 354 2942; x_wconf 88' lang='lat' dir='ltr'>mortuis</span> <span class='ocrx_word' id='word_1_139' title='bbox 383 2882 526 2960; x_wconf 88' lang='lat' dir='ltr'>proiectis</span> <span class='ocrx_word' id='word_1_140' title='bbox 548 2882 675 2960; x_wconf 83' lang='lat' dir='ltr'>simplex</span> <span class='ocrx_word' id='word_1_141' title='bbox 699 2900 820 2961; x_wconf 86' lang='lat' dir='ltr'>quoque</span> <span class='ocrx_word' id='word_1_142' title='bbox 842 2900 933 2959; x_wconf 89' lang='lat' dir='ltr'>saepe</span> <span class='ocrx_word' id='word_1_143' title='bbox 955 2881 1093 2957; x_wconf 86' lang='lat' dir='ltr'>usitatur,</span> <span class='ocrx_word' id='word_1_144' title='bbox 1120 2884 1154 2940; x_wconf 89' lang='lat' dir='ltr'>ut</span> <span class='ocrx_word' id='word_1_145' title='bbox 1175 2879 1256 2956; x_wconf 83' lang='lat' dir='ltr'>Sept</span> <span class='ocrx_word' id='word_1_146' title='bbox 1277 2882 1355 2940; x_wconf 78' lang='lat'><strong>795:</strong></span> 
     </span>
     <span class='ocr_line' id='line_1_25' title="bbox 231 2975 511 3044; baseline 0.004 -1"><span class='ocrx_word' id='word_1_147' title='bbox 231 2975 338 3044; x_wconf 74' lang='grc' dir='ltr'><strong><em>ἐκεῖθι</em></strong></span> <span class='ocrx_word' id='word_1_148' title='bbox 359 2980 511 3044; x_wconf 79' lang='grc' dir='ltr'><strong><em>κεῖσθον.</em></strong></span> 
     </span>
    </p>

    <p class='ocr_par' dir='ltr' id='par_1_10' title="bbox 231 3083 1356 3478">
     <span class='ocr_line' id='line_1_26' title="bbox 317 3083 1355 3169; baseline -0.007 -20"><span class='ocrx_word' id='word_1_149' title='bbox 317 3088 414 3149; x_wconf 82' lang='lat' dir='ltr'>Etiam</span> <span class='ocrx_word' id='word_1_150' title='bbox 438 3089 474 3151; x_wconf 84' lang='lat' dir='ltr'>de</span> <span class='ocrx_word' id='word_1_151' title='bbox 497 3108 594 3166; x_wconf 86' lang='lat' dir='ltr'>poena</span> <span class='ocrx_word' id='word_1_152' title='bbox 616 3091 771 3169; x_wconf 89' lang='lat' dir='ltr'>proposita</span> <span class='ocrx_word' id='word_1_153' title='bbox 794 3088 988 3167; x_wconf 88' lang='lat' dir='ltr'>compositum</span> <span class='ocrx_word' id='word_1_154' title='bbox 1012 3091 1042 3147; x_wconf 91' lang='lat' dir='ltr'>et</span> <span class='ocrx_word' id='word_1_155' title='bbox 1059 3085 1184 3164; x_wconf 88' lang='lat' dir='ltr'>simplex</span> <span class='ocrx_word' id='word_1_156' title='bbox 1207 3085 1272 3145; x_wconf 89' lang='lat' dir='ltr'>sine</span> <span class='ocrx_word' id='word_1_157' title='bbox 1293 3083 1355 3144; x_wconf 89' lang='lat' dir='ltr'>ullo</span> 
     </span>
     <span class='ocr_line' id='line_1_27' title="bbox 232 3169 1356 3268; baseline -0.006 -17"><span class='ocrx_word' id='word_1_158' title='bbox 232 3191 363 3252; x_wconf 87' lang='lat' dir='ltr'>notionis</span> <span class='ocrx_word' id='word_1_159' title='bbox 379 3191 548 3254; x_wconf 86' lang='lat' dir='ltr'>discrimine</span> <span class='ocrx_word' id='word_1_160' title='bbox 563 3192 756 3254; x_wconf 82' lang='lat' dir='ltr'>adhibentur:</span> <span class='ocrx_word' id='word_1_161' title='bbox 772 3193 936 3254; x_wconf 78' lang='lat' dir='ltr'>Pers.374:</span> <span class='ocrx_word' id='word_1_162' title='bbox 952 3187 1033 3250; x_wconf 84' lang='grc' dir='ltr'><strong><em>πᾶσι</em></strong></span> <span class='ocrx_word' id='word_1_163' title='bbox 1045 3183 1221 3268; x_wconf 82' lang='grc' dir='ltr'><strong><em>στέρεσθαι</em></strong></span> <span class='ocrx_word' id='word_1_164' title='bbox 1233 3169 1356 3265; x_wconf 77' lang='grc' dir='ltr'><strong><em>κρατός</em></strong></span> 
     </span>
     <span class='ocr_line' id='line_1_28' title="bbox 231 3272 1356 3374; baseline 0.004 -23"><span class='ocrx_word' id='word_1_165' title='bbox 231 3272 273 3374; x_wconf 80' lang='grc' dir='ltr'>ἦν</span> <span class='ocrx_word' id='word_1_166' title='bbox 294 3288 532 3372; x_wconf 83' lang='grc' dir='ltr'><strong><em>προκείμενον,</em></strong></span> <span class='ocrx_word' id='word_1_167' title='bbox 564 3295 602 3355; x_wconf 86' lang='lat' dir='ltr'>cf.</span> <span class='ocrx_word' id='word_1_168' title='bbox 633 3296 703 3372; x_wconf 88' lang='lat' dir='ltr'>Lys.</span> <span class='ocrx_word' id='word_1_169' title='bbox 725 3298 821 3371; x_wconf 82' lang='lat'>14,9:</span> <span class='ocrx_word' id='word_1_170' title='bbox 851 3283 1110 3374; x_wconf 79' lang='grc' dir='ltr'><strong><em>ἐβουλήθη</em></strong></span> <span class='ocrx_word' id='word_1_171' title='bbox 1137 3277 1258 3358; x_wconf 77' lang='grc' dir='ltr'><strong><em>πάσαις</em></strong></span> <span class='ocrx_word' id='word_1_172' title='bbox 1284 3291 1356 3356; x_wconf 71' lang='grc' dir='ltr'>ταῖς</span> 
     </span>
     <span class='ocr_line' id='line_1_29' title="bbox 232 3388 875 3478; baseline -0.002 -24"><span class='ocrx_word' id='word_1_173' title='bbox 232 3389 397 3474; x_wconf 84' lang='grc' dir='ltr'><strong><em>κειμέναις</em></strong></span> <span class='ocrx_word' id='word_1_174' title='bbox 419 3391 550 3478; x_wconf 80' lang='grc' dir='ltr'><strong><em>ζημίαις</em></strong></span> <span class='ocrx_word' id='word_1_175' title='bbox 571 3388 687 3476; x_wconf 77' lang='grc' dir='ltr'><strong><em>ἔνοχος</em></strong></span> <span class='ocrx_word' id='word_1_176' title='bbox 710 3390 875 3476; x_wconf 76' lang='grc' dir='ltr'><strong><em>γενέσθαι.</em></strong></span> 
     </span>
    </p>

    <p class='ocr_par' dir='ltr' id='par_1_11' title="bbox 232 3479 1357 3682">
     <span class='ocr_line' id='line_1_30' title="bbox 319 3479 1357 3577; baseline -0.01 -17"><span class='ocrx_word' id='word_1_177' title='bbox 319 3499 431 3560; x_wconf 79' lang='lat' dir='ltr'>Contra</span> <span class='ocrx_word' id='word_1_178' title='bbox 451 3499 489 3560; x_wconf 83' lang='lat' dir='ltr'>de</span> <span class='ocrx_word' id='word_1_179' title='bbox 510 3500 636 3560; x_wconf 89' lang='lat' dir='ltr'>termino</span> <span class='ocrx_word' id='word_1_180' title='bbox 652 3499 806 3577; x_wconf 91' lang='lat' dir='ltr'>proposito</span> <span class='ocrx_word' id='word_1_181' title='bbox 822 3496 934 3571; x_wconf 87' lang='lat' dir='ltr'>(Prom.</span> <span class='ocrx_word' id='word_1_182' title='bbox 948 3500 1025 3559; x_wconf 73' lang='lat'>273:</span> <span class='ocrx_word' id='word_1_183' title='bbox 1048 3479 1123 3555; x_wconf 74' lang='grc' dir='ltr'>οὐδ’</span> <span class='ocrx_word' id='word_1_184' title='bbox 1139 3483 1230 3553; x_wconf 78' lang='grc' dir='ltr'><strong><em>ἔστιν</em></strong></span> <span class='ocrx_word' id='word_1_185' title='bbox 1245 3479 1357 3551; x_wconf 85' lang='grc' dir='ltr'><strong><em>όιθλου</em></strong></span> 
     </span>
     <span class='ocr_line' id='line_1_31' title="bbox 232 3594 1355 3682; baseline -0.006 -22"><span class='ocrx_word' id='word_1_186' title='bbox 232 3594 336 3681; x_wconf 86' lang='grc' dir='ltr'><strong><em>τέρμα</em></strong></span> <span class='ocrx_word' id='word_1_187' title='bbox 359 3612 412 3661; x_wconf 88' lang='grc' dir='ltr'>σοι</span> <span class='ocrx_word' id='word_1_188' title='bbox 434 3597 660 3682; x_wconf 90' lang='grc' dir='ltr'><strong><em>προκείμενον</em></strong></span> <span class='ocrx_word' id='word_1_189' title='bbox 681 3605 711 3662; x_wconf 92' lang='lat' dir='ltr'>ct</span> <span class='ocrx_word' id='word_1_190' title='bbox 732 3602 830 3661; x_wconf 90' lang='lat' dir='ltr'>Prom.</span> <span class='ocrx_word' id='word_1_191' title='bbox 852 3598 924 3672; x_wconf 80' lang='grc'>781)</span> <span class='ocrx_word' id='word_1_192' title='bbox 954 3602 1068 3661; x_wconf 87' lang='lat' dir='ltr'>tantum</span> <span class='ocrx_word' id='word_1_193' title='bbox 1096 3597 1289 3675; x_wconf 88' lang='lat' dir='ltr'>compositum</span> <span class='ocrx_word' id='word_1_194' title='bbox 1312 3594 1355 3654; x_wconf 92' lang='lat' dir='ltr'>in·</span> 
     </span>
    </p>
   </div>
   <div class='ocr_carea' id='block_1_5' title="bbox 228 3830 1359 4249">
    <p class='ocr_par' dir='ltr' id='par_1_12' title="bbox 318 3830 1040 3903">
     <span class='ocr_line' id='line_1_32' title="bbox 318 3830 1040 3903; baseline -0.001 -16"><span class='ocrx_word' id='word_1_195' title='bbox 318 3838 342 3900; x_wconf 86' lang='lat'>¹)</span> <span class='ocrx_word' id='word_1_196' title='bbox 359 3834 395 3890; x_wconf 89' lang='lat' dir='ltr'>dc</span> <span class='ocrx_word' id='word_1_197' title='bbox 412 3833 501 3889; x_wconf 88' lang='lat' dir='ltr'>forma</span> <span class='ocrx_word' id='word_1_198' title='bbox 519 3833 554 3888; x_wconf 87' lang='lat' dir='ltr'>cf.</span> <span class='ocrx_word' id='word_1_199' title='bbox 571 3831 745 3888; x_wconf 85' lang='lat' dir='ltr'>Lobeckium</span> <span class='ocrx_word' id='word_1_200' title='bbox 763 3833 799 3886; x_wconf 85' lang='lat' dir='ltr'>ad</span> <span class='ocrx_word' id='word_1_201' title='bbox 816 3830 921 3903; x_wconf 86' lang='lat' dir='ltr'>Phryn.</span> <span class='ocrx_word' id='word_1_202' title='bbox 939 3849 966 3903; x_wconf 92' lang='lat' dir='ltr'>p.</span> <span class='ocrx_word' id='word_1_203' title='bbox 980 3835 1040 3886; x_wconf 82' lang='lat'>538.</span> 
     </span>
    </p>

    <p class='ocr_par' dir='ltr' id='par_1_13' title="bbox 228 3913 1359 4070">
     <span class='ocr_line' id='line_1_33' title="bbox 316 3913 1359 3989; baseline -0.006 -15"><span class='ocrx_word' id='word_1_204' title='bbox 316 3922 340 3986; x_wconf 81' lang='lat'>²)</span> <span class='ocrx_word' id='word_1_205' title='bbox 358 3918 463 3974; x_wconf 89' lang='lat' dir='ltr'>codicis</span> <span class='ocrx_word' id='word_1_206' title='bbox 475 3918 510 3974; x_wconf 86' lang='lat' dir='ltr'>M.</span> <span class='ocrx_word' id='word_1_207' title='bbox 523 3918 689 3987; x_wconf 88' lang='lat' dir='ltr'>scripturam</span> <span class='ocrx_word' id='word_1_208' title='bbox 706 3924 781 3973; x_wconf 89' lang='lat' dir='ltr'>recte</span> <span class='ocrx_word' id='word_1_209' title='bbox 799 3923 985 3974; x_wconf 88' lang='lat' dir='ltr'>servaverunt</span> <span class='ocrx_word' id='word_1_210' title='bbox 999 3917 1138 3986; x_wconf 76' lang='lat' dir='ltr'>Engcrus,</span> <span class='ocrx_word' id='word_1_211' title='bbox 1155 3913 1359 3989; x_wconf 80' lang='lat' dir='ltr'>Kirolrholfins‚</span> 
     </span>
     <span class='ocr_line' id='line_1_34' title="bbox 228 4002 967 4070; baseline -0.004 -11"><span class='ocrx_word' id='word_1_212' title='bbox 228 4002 362 4070; x_wconf 82' lang='lat' dir='ltr'>Weilius,</span> <span class='ocrx_word' id='word_1_213' title='bbox 382 4002 628 4059; x_wconf 80' lang='lat' dir='ltr'>Wilamowitzins:</span> <span class='ocrx_word' id='word_1_214' title='bbox 646 4002 693 4057; x_wconf 89' lang='lat' dir='ltr'>alli</span> <span class='ocrx_word' id='word_1_215' title='bbox 710 4003 764 4056; x_wconf 91' lang='lat' dir='ltr'>alia</span> <span class='ocrx_word' id='word_1_216' title='bbox 782 4002 967 4058; x_wconf 78' lang='lat' dir='ltr'>coniecerunt.</span> 
     </span>
    </p>

    <p class='ocr_par' dir='ltr' id='par_1_14' title="bbox 234 4080 1355 4249">
     <span class='ocr_line' id='line_1_35' title="bbox 316 4080 1355 4158; baseline -0.006 -14"><span class='ocrx_word' id='word_1_217' title='bbox 316 4092 339 4158; x_wconf 81' lang='lat'>⁸)</span> <span class='ocrx_word' id='word_1_218' title='bbox 358 4089 484 4145; x_wconf 90' lang='lat' dir='ltr'>similiter</span> <span class='ocrx_word' id='word_1_219' title='bbox 496 4091 572 4146; x_wconf 88' lang='lat' dir='ltr'>Pers.</span> <span class='ocrx_word' id='word_1_220' title='bbox 586 4092 649 4144; x_wconf 84' lang='lat'>829:</span> <span class='ocrx_word' id='word_1_221' title='bbox 667 4080 867 4158; x_wconf 79' lang='grc' dir='ltr'><strong><em>ὑπερκόμπων</em></strong></span> <span class='ocrx_word' id='word_1_222' title='bbox 885 4080 960 4157; x_wconf 79' lang='grc' dir='ltr'><strong><em>ἄγαν</em></strong></span> <span class='ocrx_word' id='word_1_223' title='bbox 972 4081 1175 4158; x_wconf 82' lang='grc' dir='ltr'><strong><em>φρονημάτων,</em></strong></span> <span class='ocrx_word' id='word_1_224' title='bbox 1195 4088 1274 4141; x_wconf 80' lang='lat' dir='ltr'>Eum.</span> <span class='ocrx_word' id='word_1_225' title='bbox 1288 4088 1355 4139; x_wconf 77' lang='lat'><strong>827:</strong></span> 
     </span>
     <span class='ocr_line' id='line_1_36' title="bbox 234 4168 969 4249; baseline -0.007 -16"><span class='ocrx_word' id='word_1_226' title='bbox 234 4170 412 4248; x_wconf 84' lang='grc' dir='ltr'><strong><em>νπερθόμως</em></strong></span> <span class='ocrx_word' id='word_1_227' title='bbox 431 4168 514 4247; x_wconf 68' lang='lat' dir='ltr'>«lyae,</span> <span class='ocrx_word' id='word_1_228' title='bbox 534 4173 635 4244; x_wconf 85' lang='lat' dir='ltr'>Agam.</span> <span class='ocrx_word' id='word_1_229' title='bbox 648 4178 714 4230; x_wconf 79' lang='lat'><strong>436:</strong></span> <span class='ocrx_word' id='word_1_230' title='bbox 731 4168 969 4249; x_wconf 81' lang='grc' dir='ltr'><strong><em>ὑπερβατώτερα.</em></strong></span> 
     </span>
    </p>
   </div>
   <div class='ocr_carea' id='block_1_6' title="bbox 0 0 1607 4792">
    <p class='ocr_par' dir='ltr' id='par_1_15' title="bbox 0 0 1607 4792">
     <span class='ocr_line' id='line_1_37' title="bbox 0 0 1607 4792; baseline 0 0"><span class='ocrx_word' id='word_1_231' title='bbox 0 0 1607 4792; x_wconf 95' lang='lat' dir='ltr'> </span> 
     </span>
    </p>
   </div>
  </div>
 </body>
</html>
