3196 4792
302 231 342 295 Bt

387 398 411 458 Ι.
443 398 635 475 compositum
659 417 740 459 suam
765 399 914 476 propriam
938 400 994 458 vim
1019 401 1115 459 tenet:
1147 397 1266 459 Dicitur
1288 397 1365 458 enim
1390 396 1432 457 de

302 500 338 560 iis
368 500 418 576 qui
451 502 533 560 eerto
565 500 690 562 oonsilio
720 502 825 562 oeulos
854 502 883 562 in
916 501 1045 580 aliquam
1075 520 1138 562 rem
1161 503 1352 573 eonvertunt‚
1386 501 1431 559 in·

303 602 407 679 primis
429 600 468 663 de
490 601 536 662 dis
558 603 705 664 humanas
727 622 777 665 res
799 603 1028 682 respicientibus
1044 607 1074 665 et
1089 602 1327 665 moderantibus:
1349 601 1433 679 Sept

303 707 378 766 472:
401 692 469 775 τοός
490 720 546 763 νιν
559 694 643 777 Ζεδς
658 700 806 784 νεμέτωρ
822 698 933 766 ἐπίδοι
947 701 1127 766 κοταίνων.
1164 705 1271 769 Cetera
1294 704 1433 827 exempla

304 807 427 884 eollegit
447 806 633 887 Dindorfius‚
654 808 712 868 lex
726 808 834 870 Aeseh.
851 827 916 869 αι.

389 909 457 970 Hue
478 909 627 971 aoeedunt
648 909 752 988 Suppl.
769 915 843 973 654:
874 906 955 970 Δῖον
979 896 1173 989 ἐπιδόμενοι
1194 899 1371 990 πράκτορά
1393 922 1432 968 τε

304 1000 446 1083 σκοπόν,
476 1012 527 1072 ubi
550 1016 635 1073 notat
656 1031 733 1075 oum
763 1015 975 1074 reverentia
1003 1014 1200 1091 respioere;
1229 1011 1431 1090 nequeenim

304 1114 371 1174 sine
394 1131 486 1175 eausa
508 1116 630 1192 ponitur
653 1115 788 1207 medium.

390 1217 546 1295 frg.190:
576 1204 763 1298 ἥκομεν·
786 1207 867 1289 τούς
895 1207 976 1289 σονς
1006 1205 1137 1288 άθλους
1162 1207 1283 1278 τούσδε
1306 1200 1433 1293 ἐποψό-

304 1334 410 1396 μενοι.

390 1423 429 1483 ll
462 1426 567 1484 eontra
597 1393 779 1501 praepositio
803 1426 861 1485 vim
893 1443 975 1485 suam
1000 1440 1125 1503 prorsus
1148 1423 1290 1484 abiecisse
1311 1421 1433 1482 videtur

304 1523 335 1584 in
358 1525 416 1585 his
439 1526 537 1586 Prom.
553 1530 629 1589 990·
651 1520 770 1604 τρίτον
793 1520 829 1586 δέ
850 1516 914 1587 τδν
936 1523 999 1587 νῦν
1022 1517 1274 1605 κοιρανοῦντ”
1261 1514 1433 1601 επόψομαι

306 1624 359 1700 (so.
381 1619 612 1702 ἐκπίπτοντα).
656 1629 738 1708 Sept.
764 1633 839 1692 206:
868 1625 944 1710 μηδ’
975 1622 1122 1708 ἐπίδοιμι
1149 1619 1244 1688 τάνδ
1273 1611 1433 1705 άοτυδρυ·

304 1724 476 1808 μουμέναν
498 1716 609 1791 πόλιν.
618 1729 642 1804 ¹)
685 1732 792 1810 Agsm.
817 1736 911 1794 1540:
942 1724 1014 1791 είθε
1035 1727 1068 1810 μ’
1089 1724 1207 1808 ἐδέξω,
1236 1724 1319 1809 πρὶν
1341 1719 1435 1787 τάνδ’

306 1824 432 1891 ἐπιδεῖν
455 1817 701 1913 ἀργυροτοίχου
724 1828 859 1914 δροίτης
893 1828 1079 1911 κατέχοντα
1106 1822 1285 1917 χαμεδνην.
1316 1818 1434 1910 Ἀςοια

309 1938 403 1997 1245:
421 1921 661 2014 Ἀγαμέμνονός
683 1931 720 1997 σέ
742 1930 820 2017 φημ’
842 1928 1033 2014 ἐπόψεσθαι
1055 1926 1170 2016 μόρον.
1213 1937 1433 2014 Agsm.164t:

307 2027 401 2114 λιμδς
424 2027 580 2114 ξύνοικος
601 2029 782 2117 μαλθακόν
805 2034 861 2113 σφ’
882 2029 1058 2116 ἐπόψεται,
1082 2038 1119 2098 of.
1134 2037 1281 2098 simillima
1296 2037 1433 2114 exempla

307 2157 329 2199 s
344 2158 373 2200 v.
388 2132 533 2220 είοορᾶν.

804 2251 938 2338 Κατάί)

398 2364 421 2422 Ι.
455 2365 640 2442 Praepositio
671 2369 755 2427 notat
784 2367 814 2425 in
845 2364 1017 2441 compositis
1049 2369 1158 2424 motum
1187 2362 1224 2423 ab
1254 2380 1367 2423 summo
1396 2360 1435 2420 ad

311 2466 411 2525 imum.
454 2465 513 2526 Sed
536 2468 567 2527 in
590 2468 727 2544 plurimis
749 2468 849 2529 verbis
872 2469 1004 2544 genuina
1026 2468 1072 2527 vis
1094 2483 1217 2552 prorsus
1240 2465 1371 2525 evanuit.

390 2563 625 2650 καθαιριῦέ),
648 2564 886 2648 καθέζομαι,
909 2559 1100 2649 κάθημαι,
1122 2558 1344 2645 καθιζάνω,
1370 2583 1435 2625 κα-

306 2665 526 2751 θορμίζωί),
556 2662 844 2749 καταθάπτωί),
872 2667 1109 2730 καταιθαλοῖ
1139 2669 1276 2747 (simplex
1298 2670 1370 2730 Eur.
1390 2669 1435 2729 El.

308 2833 360 2888 hoe
379 2836 466 2891 verbo
485 2852 514 2905 p
526 2841 558 2892 32
578 2837 658 2892 dieit:
678 2832 727 2894 ἐπί
743 2836 823 2891 notio
841 2851 1007 2907 quamquam
1025 2836 1078 2890 iam
1097 2836 1167 2893 latet
1184 2836 1214 2890 in
1232 2826 1305 2907 δρᾶν
1317 2832 1436 2903 simpliei

307 2949 341 2959 —
359 2935 422 2974 nam
441 2921 567 2976 videntis
585 2928 629 2978 est
646 2923 743 2978 oeulos
768 2921 888 2991 dirigere
905 2921 942 2977 ad
959 2921 1048 2977 loeum
1069 2914 1200 2992 (ἐ-πί)
1224 2926 1316 2975 temen
1341 2916 1435 2987 urgeri

307 3011 352 3061 est
368 3006 565 3076 intellegenda,
583 3012 616 3062 ut
633 3007 814 3077 compositum
832 3022 942 3076 semper
960 3006 996 3061 de
1013 3007 1145 3088 consulto
1163 3011 1192 3061 et
1208 3005 1325 3061 oonsilio
1337 3004 1434 3059 oeulos

310 3090 405 3161 aliquo
424 3091 601 3148 vementibus
620 3098 780 3163 usurpetur.

396 3178 417 3242 ¹)
434 3175 470 3232 ef.
488 3177 606 3247 simplex
625 3178 765 3233 simillimo
783 3177 845 3233 loeo
858 3177 955 3247 Suppl.
969 3181 1032 3232 stez
1049 3171 1162 3246 μήποτε
1180 3172 1266 3231 πάλιν
1283 3167 1371 3242 ἴδοιμ’
1388 3168 1436 3228 α’λ·

310 3276 368 3329 φεσ
369 3258 462 3332 ίβοιον
479 3252 566 3333 άδωρ.

394 3346 417 3416 ⁹)
436 3347 471 3401 (le
489 3346 695 3415 significatione
713 3347 797 3400 huius
816 3345 1055 3414 praepositionis
1046 3361 1076 3400 m
1089 3345 1181 3400 verbis
1194 3341 1354 3413 oompositis
1367 3338 1433 3394 ube·

309 3430 367 3485 rius
385 3431 502 3487 disserit
518 3431 695 3488 Hermannns
713 3446 811 3500 opuso
824 3437 848 3499 6,
865 3447 892 3500 p
905 3428 1210 3499 443lleng1usll.p
1223 3432 1263 3483 44.

395 3519 418 3583 8)
435 3516 488 3573 hoe
505 3518 621 3574 verbnm
640 3517 751 3586 proprie
769 3515 910 3584 signifieat
929 3515 1067 3584 „desuper
1090 3516 1184 3570 sumo
1187 3552 1194 3581 ,
1212 3517 1246 3567 ut
1262 3510 1337 3580 apud
1355 3508 1432 3561 Hom.

310 3600 342 3656 11.
354 3604 395 3669 24,
411 3605 476 3656 268:
495 3597 551 3656 κὰδ
568 3601 593 3657 θ’
611 3594 669 3656 άπὸ
687 3594 858 3669 πασσαλόφι
877 3594 966 3669 ζυγόν
983 3590 1071 3669 ᾕρεον
1087 3591 1245 3668 ἡμιόνειον,
1268 3600 1325 3649 tum
1349 3589 1433 3659 signi·

309 3685 377 3742 fient
394 3692 426 3742 ut
443 3687 562 3756 simplex
581 3687 710 3757 „oeoido“
730 3686 842 3756 (Agam.
855 3688 924 3751 408).

396 3775 419 3841 ⁴)
437 3771 568 3827 Nimirum
592 3772 637 3827 hie
661 3777 705 3826 est
728 3769 943 3841 praepositionis
970 3784 1085 3837 sensus,
1113 3773 1145 3822 nt
1168 3766 1248 3821 navis
1271 3778 1306 3819 ex
1330 3760 1386 3815 alto
1404 3759 1432 3813 in

313 3863 425 3928 portum
437 3858 584 3914 invehatur
602 3856 650 3928 (ef.
661 3850 828 3918 κατααλέυ,
847 3852 968 3926 κατάγο
986 3850 1037 3925 τὴν
1054 3853 1145 3924 ναῦν).
1174 3853 1217 3908 De
1229 3866 1284 3907 usu
1296 3847 1434 3904 simillimo

311 3942 446 4012 simpllois
464 3943 500 3999 ef.
513 3943 718 3999 Wsekleininm
735 3941 772 3999 ad
789 3941 879 3995 Prom
891 3945 950 3996 997.

397 4030 417 4097 ὓ)
435 4027 536 4096 Agam.
550 4033 629 4083 1662.
646 4018 789 4096 καππεσε,
806 4017 1240 4094 κατθανεκαίιιαταθάψομενι
1259 4018 1434 4077 ridesubsr·

312 4113 626 4247 tstsmboompositornm
644 4112 772 4167 eonsulto
790 4110 942 4179 quaesitam
960 4126 1012 4180 pro
1029 4107 1205 4177 simplloibns
1230 4108 1303 4164 idem
1327 4101 1434 4174 signiti-

312 4196 386 4246 santi
408 4210 449 4246 us
