3196 4792
1326 211 1364 268 11

242 376 291 436 vel
321 374 467 436 venabulo
497 363 607 447 οότῶς
636 376 773 438 allicitur.
828 378 958 438 Verbum
991 378 1174 438 rarissimum
1208 382 1366 453 praeterea

243 478 336 538 semel
357 476 439 555 apud
463 477 733 541 placuimus
757 480 922 540 invenitur:
943 476 1009 539 νῦν
1033 471 1068 538 δέ
1090 461 1109 538 ό
1133 468 1234 556 λόγος
1256 470 1366 538 ἔοικεν

243 565 495 657 εἰσαναχιιόςειν
515 611 558 620 -
579 571 773 658 ἐπιχειρεῖν,
803 581 851 642 ubi
884 587 965 642 certe
997 581 1192 659 compositum
1221 580 1366 642 ubertatis

245 692 340 740 causa
360 698 416 758 pro
439 680 568 759 simplici
589 687 764 759 usurpatum
787 686 840 743 est

329 782 424 844 Venio
447 801 529 845 nunc
549 782 588 844 ad
611 776 788 862 εἰσορᾶν,
811 785 892 862 quod
915 782 1096 862 aSophocle
1119 785 1292 861 saepissime
1310 801 1365 860 pro

243 884 368 963 simplici
391 883 559 958 usitatur.¹)

329 989 391 1048 lam
422 986 503 1066 apud
525 989 688 1051 Homerum
718 988 886 1050 invenimus
919 988 1064 1051 eiusmodi
1098 989 1277 1051 ubertatem:
1310 987 1367 1050 Od.

245 1091 371 1160 1,118:
400 1075 443 1147 τὰ
471 1081 628 1166 φρονέων
656 1086 840 1171 μνηστῆρσι
870 1079 1059 1171 μεθήμενος
1089 1072 1184 1149 εἰοιδ
1214 1072 1366 1169 Ἀθήνηνε

243 1191 390 1268 repetitur
419 1194 534 1252 tautum
564 1197 653 1253 antea
682 1193 838 1270 scriptum:
870 1182 933 1272 τήν
962 1186 998 1251 δὲ
1030 1181 1123 1251 πολύ
1151 1187 1288 1270 πρῶτος
1316 1181 1367 1249 ίδε

249 1284 433 1370 Τηλέμαχος
461 1282 624 1371 θεοειδής.
662 1291 718 1353 Οᾱ.
736 1297 784 1366 11,
800 1296 875 1355 582:
904 1289 961 1353 καὶ
987 1284 1053 1376 μήν
1079 1283 1251 1354 Τάνταλον
1273 1284 1367 1351 εἰσεῖ-

244 1386 316 1465 δον,
336 1398 425 1455 antea
440 1395 543 1456 Ulixes
557 1395 588 1455 in
604 1396 828 1457 enumeratione
844 1397 994 1457 hominum
1010 1398 1220 1457 sceleratorum
1236 1395 1367 1456 dixerat:

244 1494 286 1569 (v.
301 1492 376 1567 576)
397 1489 454 1555 καί
481 1485 601 1555 Τιτυόν
622 1484 715 1556 εἰδον
737 1496 787 1571 (cf.
802 1516 831 1558 v.
846 1495 929 1570 568).
1299 1556 1302 1563 .

330 1596 387 1658 Od.
404 1600 433 1675 9,
450 1601 523 1660 146:
545 1582 618 1658 ἐνθ’
640 1587 735 1670 οὔτις
748 1589 813 1679 τήν
828 1596 931 1682 νῆσον
947 1591 1125 1677 ἐσέδρακεν
1140 1583 1367 1676 ὀφθαλμοῖσιν

245 1684 317 1758 οὔτ’
345 1678 410 1758 οὖν
441 1690 574 1777 κύματα
610 1691 722 1780 μακρὰ
762 1690 984 1779 κυλινδόμενα
1021 1696 1102 1761 ποτὶ
1137 1694 1257 1781 χέρσον
1293 1692 1366 1759 εἰσί-

198 1844 200 1849 ,
246 1794 389 1878 δομενλ)

329 1905 471 1965 Fortasse
493 1903 581 1965 etiam
604 1907 773 1984 11.s,212:
796 1899 826 1966 εἰ
841 1899 879 1966 δέ
892 1923 930 1965 κε
953 1894 1105 1986 νοστήσω
1126 1899 1183 1963 καὶ
1204 1894 1368 1983 ἐσόψομαι

246 1987 475 2083 ὀφθαλμοῖσιν
495 1993 631 2085 πατρίδ’
653 1997 744 2089 ἐμήν.

329 2126 392 2186 lam
415 2129 535 2187 transeo
557 2125 596 2187 ad
619 2126 815 2204 Aeschylum:

331 2229 353 2288 Ι.
386 2229 511 2289 verbum
540 2230 735 2306 compositum
766 2249 822 2307 pro
851 2231 976 2308 simplici
998 2231 1129 2309 positum
1152 2247 1218 2291 esse
1240 2233 1367 2308 apparet

246 2331 292 2391 his
313 2330 399 2392 locis:

330 2453 429 2512 Prom.
445 2438 520 2515 973:
543 2452 707 2513 Mercurius
729 2453 758 2513 in
782 2470 902 2514 scenam
926 2453 1027 2532 prodit
1049 2459 1079 2513 et
1100 2451 1297 2513 Prometheus
1318 2468 1366 2512 su·

246 2553 308 2614 bito
331 2555 521 2633 interrumpit
543 2570 723 2617 sermonem:
755 2540 830 2615 ἀλλ’
854 2549 975 2634 εἰσορῶ
997 2545 1059 2636 γὰρ
1082 2544 1183 2613 τόνδε
1205 2543 1267 2612 τὸν
1290 2540 1367 2623 Διός

245 2646 371 2735 τρόχιν.

330 2782 470 2843 Similiter
492 2781 732 2860 Clytaemnestra
755 2780 828 2842 dicit
850 2781 887 2841 de
910 2780 1008 2841 subito
1031 2783 1194 2857 conspecta
1216 2778 1323 2839 salute:

332 2885 436 2963 Agam.
458 2904 484 2944 v.
504 2886 583 2945 890:
606 2879 662 2944 καὶ
683 2880 746 2964 χήν
768 2889 932 2960 φανεῖσαν
954 2878 1126 2955 ναυτίλοις
1148 2867 1227 2961 παρ’
1249 2874 1367 2941 ἐλπίδα

604 2976 784 3045 κάλλιστον
799 2972 885 3064 ήμαρ
901 2978 1035 3046 εἰσιδεῖν
1049 2978 1086 3046 ἐκ
1099 2980 1263 3064 χείματος,
1279 2978 1368 3043 ὁδοι·

602 3078 701 3169 πόρῳ
723 3082 867 3168 διψῶντι
888 3094 1035 3170 πηγαῖον
1057 3080 1132 3169 ῥέος

246 3196 299 3264 (sc
320 3178 444 3272 λέγοιμ’
467 3177 509 3251 όν
532 3179 659 3270 ἄνδρα).

331 3316 429 3375 Prom.
452 3316 526 3376 590:
558 3301 620 3373 τόν
649 3302 828 3391 μυριωπὸν
858 3305 1021 3391 εἰσορῶσα
1051 3302 1195 3386 βούταν·
1223 3315 1270 3391 lo,
1299 3330 1366 3372 oum

247 3416 374 3496 primum
397 3417 553 3495 conspexit
574 3418 695 3494 Argum,
717 3401 821 3477 furore
843 3416 968 3495 capitur.

332 3536 434 3614 Suppl
457 3538 532 3598 577:
565 3529 683 3613 βροτοὶ
712 3569 753 3580 -
783 3529 913 3613 δείματι
945 3526 1059 3613 θυμὸν
1089 3518 1253 3595 πάλλοντ’
1285 3522 1368 3614 όφιν

248 3624 341 3719 ἆήθη
367 3631 372 3717 Ι
397 3626 502 3710 βοτὸν
533 3629 719 3716 ἐσορῶντες
748 3630 901 3717 δυσχερὲς
930 3626 1172 3718 μιξόμβροτον.·
1203 3637 1234 3698 Si
1257 3636 1367 3699 codicis

334 3839 356 3906 1)
374 3835 411 3891 cf.
424 3835 668 3901 Kriebitzsclrium‚
687 3834 704 3888 l.
716 3835 735 3888 l.
746 3850 774 3904 p.
789 3840 906 3902 13-17,
925 3836 973 3905 qui
991 3836 1063 3891 bene
1082 3836 1207 3891 diversas
1219 3836 1368 3905 distinguit

247 3917 477 3992 significationes.

333 4010 357 4074 e)
374 4003 519 4062 Amelslus
536 4004 566 4059 in
583 4005 627 4060 ed.
646 4002 792 4073 εἰσίδομεν
808 4005 882 4061 idern
900 4021 963 4062 esse
980 4011 1064 4076 atque
1075 4006 1173 4062 videre
1187 4004 1299 4075 latetur,
1316 4008 1368 4064 sed

248 4085 407 4162 ἐσέδρακεν
425 4092 511 4146 vertit
529 4105 636 4160 „genae
653 4089 873 4147 wairnehmen“.
908 4090 964 4147 Sed
987 4088 1125 4147 refutatur
1148 4093 1298 4147 artificiosa
1320 4094 1367 4148 illa

247 4177 359 4251 quidem
377 4175 520 4234 distinctio
538 4176 583 4235 vel
602 4192 629 4235 v.
643 4179 704 4230 144:
724 4170 780 4251 οἰήρ
797 4171 855 4250 γὰρ
873 4173 942 4252 περί
958 4172 1041 4253 νηυσί
1057 4169 1155 4253 βαθεῖ’
1172 4178 1215 4249 ην.
