3196 4792
237 209 277 270 36

321 382 417 442 Multo
439 381 533 441 maior
554 380 636 457 apud
658 381 833 458 Sophoclem
857 385 903 441 est
924 399 1066 442 numerus
1088 379 1304 457 exemplorum,
1327 380 1359 440 in

236 483 345 562 quibus
372 485 417 543 vis
449 484 678 561 praepositionis
710 502 834 561 prorsus
867 485 1016 544 exstincta
1048 489 1102 544 est.
1160 483 1359 543 Luculentum

235 585 361 664 praebet
383 584 550 661 exemplum
566 584 675 645 Trach.
690 587 744 646 86:
767 577 796 644 εί
818 577 854 643 δὲ
876 573 1059 660 θεσφάτων
1082 572 1149 661 ἐγώ
1169 572 1267 659 βάξιν
1281 598 1359 642 κατ-

235 676 296 766 ῄδη
319 681 438 760 τῶνδε,
459 672 524 745 κάν
547 677 652 746 πάλαι
673 682 774 765 παρη,
796 687 846 747 ubi
870 691 950 747 recte
966 686 1204 747 Kriebitnschins
1220 685 1359 746 adnotat:

241 790 348 861 „valde
372 788 523 867 ineptires,
546 791 570 849 si
593 789 620 848 h.
637 790 655 850 l.
678 791 827 867 propriam
851 789 1001 867 ornandam
1026 789 1085 849 vim
1109 790 1285 867 praeverbio
1308 789 1360 847 tri·

238 892 359 952 bueres:
392 892 501 968 Hyllus
523 891 601 952 enim
624 892 703 952 illius
725 892 839 952 oraculi
863 909 959 969 nsque
982 891 1019 950 ad
1043 890 1073 951 id
1096 896 1214 968 tempus
1237 907 1360 969 prorsus

236 995 359 1072 ignarus
382 992 467 1055 fuir.

322 1092 542 1173 κατοικίζω
566 1097 671 1169 condo,
694 1099 792 1159 Prom.
808 1102 882 1159 751:
904 1089 941 1155 αἳ
957 1087 1167 1177 θεμίσκυράν
1181 1114 1266 1156 ποτε
1282 1113 1360 1155 κατ-

237 1196 414 1271 οικιοῦσιν,
437 1199 473 1261 cf.
489 1200 600 1260 Herod.
615 1204 644 1280 6,
657 1204 710 1263 33:
734 1189 839 1259 πόλιν
854 1193 1070 1280 Μεσαμβρίην
1092 1192 1222 1259 οίκισαν
1245 1203 1275 1259 et
1297 1217 1360 1259 sae·

236 1304 366 1379 pissime.
396 1337 437 1347 —
466 1303 576 1363 Facio
606 1307 643 1363 nt
666 1304 821 1377 habitet,
852 1303 1009 1380 colloco,
1031 1307 1061 1363 ct
1091 1302 1121 1361 id
1146 1302 1360 1379 metaphorice:

238 1407 336 1466 Prom.
353 1409 427 1468 266:
448 1394 580 1480 τυφλὰς
602 1398 640 1465 ἐν
655 1390 770 1475 αὐτοῖς
792 1396 928 1475 ἐλπίδας
949 1395 1128 1484 κατῴκισα,
1151 1404 1187 1465 cf.
1203 1405 1272 1465 Eur.
1288 1405 1361 1464 Hec.

239 1512 333 1570 1022:
356 1489 464 1587 οδπερ
486 1497 549 1567 τδν
571 1498 652 1586 ἐμδν
675 1495 798 1587 ᾤκισας
819 1499 932 1586 μόνον.

324 1611 436 1672 Contra
458 1614 572 1672 tantum
603 1612 768 1688 composito
798 1612 923 1689 propria
953 1615 998 1671 cst
1021 1612 1102 1672 notio
1125 1610 1361 1688 restituendi,

236 1719 270 1774 ut
300 1715 383 1774 lium.
408 1717 482 1776 759:
513 1692 542 1771 ὦ
570 1702 707 1785 Παλλάς
733 1758 740 1773 .
764 1757 771 1771 .
797 1758 804 1772 .
827 1707 923 1791 γαίας
951 1702 1111 1792 πατρῴας
1141 1705 1361 1793 ἐστερημένον

241 1861 296 1875 ...
320 1801 510 1894 κατῴκισάς
533 1832 579 1874 ιιε.

733 1960 837 2031 Μετά.
845 1968 867 2043 ¹)

325 2091 347 2150 l.
380 2091 568 2169 Praepositio
590 2080 672 2168 μετά
695 2092 725 2151 in
749 2091 848 2151 verbis
871 2089 961 2150 eundi
985 2094 1014 2149 et
1037 2090 1175 2150 movendi
1200 2089 1288 2149 habet
1311 2108 1361 2148 no-

240 2194 348 2253 tionem
373 2193 511 2253 localem:
1183 2256 1186 2262 ,

326 2289 522 2373 μεθίημιί)
546 2294 646 2357 mitto:
677 2296 872 2373 compositum
903 2313 963 2354 non
991 2295 1032 2354 ita
1063 2294 1185 2354 multum
1217 2294 1316 2353 differt
1344 2311 1362 2351 a

239 2399 379 2475 simplici,
410 2399 465 2458 nisi
488 2398 569 2476 qnod
593 2398 702 2458 clarius
726 2398 888 2474 indicatur,
918 2416 978 2458 rem
1003 2397 1129 2475 aliquam
1153 2402 1242 2457 antea
1264 2402 1362 2456 neten·

241 2505 300 2563 tam
324 2499 438 2561 dimitti.

323 2606 408 2664 Eum.
426 2608 486 2666 786
510 2607 540 2663 et
563 2606 637 2665 816:
659 2601 799 2680 μεθεῖσα
821 2594 959 2681 καρδίας
982 2587 1184 2680 σταλαγμόν.
1223 2599 1362 2661 Similiter

239 2706 276 2767 de
309 2707 424 2783 liquore
453 2706 546 2766 effuso
570 2705 696 2781 simplex
719 2706 849 2783 ponitur,
880 2707 913 2763 nt
935 2704 1224 2779 Hom.ll.21,158:
1247 2686 1362 2778 Ἀξιοῦ,

239 2795 277 2878 δς
299 2797 480 2867 κάλλιστον
501 2793 595 2885 ῧδαιρ
618 2799 674 2866 ἐπὶ
696 2812 795 2884 γαῖαν
819 2798 907 2885 ἵησιν
930 2813 960 2866 et
981 2805 1061 2882 apud
1085 2805 1268 2883 Aeschylum
1291 2804 1363 2866 Cho.

242 2915 315 2973 152:
339 2901 404 2970 ἵετε
427 2900 533 2990 δάκρυ
556 2929 582 2970 ο.
597 2929 620 2969 s.

324 3014 397 3075 (ihc.
412 3017 488 3076 819:
511 2997 717 3091 ὀξύκρεκτον
739 3011 795 3085 (sic
819 3008 956 3083 Weilins)
979 2999 1108 3088 γοατὰν
1129 2998 1237 3088 νόμον
1262 2989 1364 3089 μεθή·

240 3128 343 3194 σομεν
364 3105 508 3188 uouere:
530 3116 576 3175 De
598 3132 673 3175 voce
695 3113 857 3174 emittenda
873 3111 1046 3190 saepissime
1061 3113 1187 3189 simplex
1203 3112 1362 3183 invenitur,

241 3224 274 3279 ut
302 3218 383 3296 apud
414 3219 575 3279 Homerum
600 3217 634 3275 ll.
657 3220 687 3292 3,
711 3219 785 3274 221:
815 3204 883 3273 ὄπα
912 3231 949 3272 τε
977 3205 1125 3294 μεγάλην
1228 3206 1265 3272 ίκ
1288 3202 1363 3292 στή-

240 3320 321 3391 θεος
344 3313 386 3380 ίει
408 3314 464 3379 καὶ
486 3309 576 3388 ἔπεα,
601 3317 681 3394 apud
703 3318 799 3395 ipsum
815 3317 996 3391 Aeschylum
1017 3317 1165 3375 simillime
1187 3317 1270 3375 Pers.
1287 3318 1362 3377 639:

242 3415 349 3494 ἱέντος
370 3412 414 3481 τά
435 3404 591 3481 παναίολ’
615 3410 717 3494 αἰανῆ
740 3408 892 3494 δύσθροα
913 3406 1064 3494 βάμματα
1087 3436 1111 3476 e.
1126 3435 1149 3477 s.

327 3677 345 3738 ¹)
364 3669 400 3727 cf.
418 3669 583 3738 Fauonium,
602 3669 653 3737 „de
672 3667 889 3738 praepositionis
906 3661 980 3735 μετά
997 3666 1026 3721 in
1039 3666 1183 3723 vocabulis
1202 3667 1364 3737 compositis

241 3774 295 3813 usn
327 3756 462 3825 exemplis
491 3756 608 3810 maxime
637 3753 798 3823 Euripideia
827 3753 972 3822 probato“‚
1008 3754 1036 3806 in
1066 3751 1155 3808 Curtii
1185 3752 1285 3807 studiis
1315 3751 1363 3818 lX,

240 3845 441 3914 pite-163.

326 3931 349 3994 ²)
366 3925 402 3983 cf.
420 3927 576 3983 Fuuclrium
596 3928 612 3982 l.
626 3927 643 3982 l.
661 3943 688 3995 p.
704 3931 760 3981 153.

326 4018 350 4081 ⁸)
368 4018 445 4068 totns
464 4014 544 4068 locus
561 4013 627 4067 inde
644 4028 660 4066 a
678 4028 704 4066 v.
717 4015 766 4066 815
790 4026 846 4064 non
871 4010 906 4065 ab
930 4009 1004 4063 omni
1027 4015 1108 4078 parte
1131 4014 1226 4065 certus
1250 4014 1306 4078 est,
1329 4008 1365 4065 ef.

240 4099 441 4167 Romanunm,
465 4099 684 4165 Weckleinium‚
711 4096 851 4151 Weilium.
901 4096 943 4149 De
965 4094 1053 4150 verbo
1076 4088 1213 4162 μεθιέναι
1237 4109 1293 4149 non
1321 4099 1367 4149 eat

241 4201 291 4241 cnr
309 4185 463 4242 dubitetur.
