3196 4792
243 259 281 320 16

238 431 367 506 aliquam
403 427 461 487 vim
497 427 641 504 tribuere,
676 443 739 487 cum
775 423 933 505 Strophius
968 445 1005 487 ex
1039 422 1191 486 bominum
1222 441 1305 485 moro
1333 421 1363 484 in

238 532 345 591 itinere
367 530 423 590 sibi
454 531 676 590 occurrentium
706 528 781 589 illud
811 533 928 590 tantum
959 529 1138 607 interroget,
1170 547 1230 605 qno
1260 527 1365 588 tondat

239 632 372 710 Orestes,
394 633 473 693 sicut
495 632 588 695 scbol.
610 633 839 710 interpretatur:
861 622 1031 710 ἐρωτήσας
1052 625 1109 689 καὶ
1130 617 1262 709 μαθών.

324 735 436 797 Contra
452 736 497 796 vis
512 736 595 796 verbi
619 735 842 812 praepositione
865 726 903 793 ἐκ
926 739 1014 795 aucta
1036 733 1237 794 videturesse
1252 731 1365 799 Herod.

240 841 363 915 7,195:
393 826 536 908 τούτους
567 828 599 895 οἱ
620 823 775 916 Ἕλληνες
805 825 1079 915 ἐξιστορήσαντες
1107 822 1148 894 τὰ
1178 821 1364 911 ἐβούλοντο

241 935 416 1001 πυθέσθαι
440 926 508 999 ἀπὸ
529 936 588 1021 της
609 932 741 1018 Ξέρξεω
763 935 918 1020 στρατιῆς
940 957 965 1000 e.
981 958 1009 1016 q.
1025 956 1061 999 s:
1090 939 1200 1016 Agitur
1229 939 1304 999 enim
1328 937 1366 998 de

241 1043 360 1104 duobus
382 1045 543 1105 Persarum
573 1042 713 1119 ducibus,
742 1043 793 1118 qui
824 1060 842 1101 a
864 1041 986 1102 Graecis
1013 1041 1050 1101 ad
1073 1041 1265 1102 Artemisium
1287 1040 1366 1117 capti

239 1151 334 1208 erant.
355 1177 398 1187 -
419 1146 524 1206 Altero
547 1145 627 1222 loco,
656 1146 707 1206 ubi
738 1144 814 1205 idem
838 1145 960 1205 verbum
987 1143 1068 1222 apud
1091 1144 1272 1222 Aeschylum
1295 1144 1366 1221 logi·

239 1268 319 1327 mus,
353 1248 432 1326 Sept.
455 1251 531 1311 493:
565 1238 682 1306 θέλων
705 1237 914 1325 ἐξιστορῆσαι
942 1250 1065 1326 μοῖραν
1087 1238 1124 1304 ἐν
1143 1240 1238 1327 χρείᾳ
1258 1235 1368 1324 τύχης,

242 1352 318 1414 haec
347 1352 502 1429 compositi
529 1350 738 1427 interpretatio
763 1368 841 1421 „von
866 1348 970 1410 Grund
1000 1367 1054 1409 aus
1085 1348 1278 1410 criessohcn“
1304 1367 1365 1409 non

240 1457 341 1532 inepta
363 1459 419 1515 est.

328 1558 366 1618 ΙΙ.
400 1557 585 1634 praepositio
607 1547 645 1614 ἐκ
668 1554 799 1616 intendit
814 1559 845 1615 et
860 1558 952 1632 auget
965 1555 1118 1632 paululum
1138 1554 1294 1633 simplicia,
1315 1554 1366 1614 sed

240 1662 359 1738 saepius
382 1659 526 1736 simplicia
548 1659 652 1736 augeri
676 1676 738 1718 non
761 1663 897 1735 possunt.

325 1746 522 1833 ἐκδιδάσκω,
537 1751 741 1836 ἐκκαθαίρω,
758 1751 921 1832 ἐκκενοῦ,
936 1750 1104 1847 ἐκμοχδοό,
1120 1749 1366 1837 έκπεραίνω,
1482 1840 1485 1845 .

240 1857 433 1941 ἐκπέρδω,
466 1854 723 1941 έκπίμπλημι,
754 1854 911 1935 ἐκπονοέ,
940 1853 1102 1937 ἐκτελῶ,
1131 1852 1367 1930 ἐκτελευτω,

241 1960 441 2041 ἐκτυφλω,
465 1958 658 2041 ἐκφδίνω,
682 1956 829 2040 ἐκφοβοῦ,
852 1956 1032 2039 ἐξαϊστοῦ,
1063 1955 1204 2039 ἐξαιροῦ,
1234 1953 1368 2037 ἐξευλα-

241 2064 407 2146 βοῦμαιλ)
1082 2135 1086 2143 .
1266 2082 1270 2087 ’

329 2163 539 2248 ἐκδέχομαι
561 2170 685 2247 recipio,
706 2169 811 2246 Agam.
827 2172 902 2230 297:
928 2161 1033 2246 μέγαν
1056 2160 1091 2226 δὲ
1113 2157 1225 2225 πανὸν
1254 2158 1292 2225 ἐκ
1313 2155 1368 2244 νή-

243 2286 305 2332 σου
320 2257 577 2352 τρίτονΆθρδον
593 2260 693 2343 αἶπος
707 2261 816 2351 Ζηνὸς
831 2263 1014 2346 ἐξεδέξατο.
1039 2270 1111 2332 (tho.
1128 2273 1202 2331 758:
1217 2257 1369 2349 Ὀρέστην

242 2366 439 2456 ἐξεδεξάμην
471 2369 590 2453 πατρί·
624 2367 758 2452 δέχομαι
788 2393 847 2435 vox
877 2374 1002 2452 propria
1035 2373 1227 2433 obstetricum
1251 2377 1304 2446 est,
1336 2375 1369 2431 ut

244 2478 366 2539 Hesiod.
381 2477 481 2554 tbeog.
496 2477 573 2539 479:
594 2467 657 2536 τδν
678 2470 741 2555 μέν
763 2467 795 2535 οἱ
810 2467 947 2552 ἐδέξατο
963 2473 1047 2535 Γαῖα
1063 2462 1198 2553 πελώρη
1214 2477 1244 2534 et
1257 2473 1367 2533 Aescb.

244 2581 315 2643 Obo.
332 2583 407 2641 746:
430 2567 471 2638 ὃν
494 2571 660 2659 ἐξέθρεψα
681 2564 855 2658 μητρόθεν
879 2571 1064 2657 δεδεγμένη.
1072 2573 1097 2650 ²)

329 2674 620 2761 ἐκκαρπίζομαι
637 2679 764 2741 fructum
779 2679 853 2757 fero,
875 2680 954 2757 Sept
971 2682 1046 2741 588:
1069 2666 1149 2758 ἄτης
1165 2664 1291 2756 ἄρουρα
1306 2668 1370 2736 θά-

244 2800 349 2843 νατον
378 2775 656 2863 ἐκκαρπίζεταιδ)
701 2783 832 2859 Simplex
863 2782 1031 2844 invenimus
1059 2784 1129 2842 Eur.
1150 2780 1272 2858 Hippol.
1293 2783 1369 2842 432:

330 2951 353 3011 1)
371 2939 549 3018 εὐλαβοῦμαι
567 2947 721 3002 derivatum
741 2953 786 3002 est
809 2946 844 3001 ab
867 2945 1008 3001 adiectivc
1034 2937 1157 3016 εὐλαβής
1183 2943 1283 3014 „wobl‚
1305 2942 1370 3009 fest,

245 3034 395 3103 beditcbtig
417 3031 601 3090 anfassend“:
626 3031 712 3101 igitur
735 3033 764 3086 in
788 3032 875 3088 verbo
900 3025 1112 3103 ἐξευλαβοῦμαι
1135 3029 1233 3085 similis
1257 3029 1370 3083 ubertas

244 3119 387 3175 invenitur
404 3123 489 3187 atque
506 3117 534 3171 in
553 3108 585 3173 εὖ
604 3111 803 3185 ἐξεπίσταμαι.

330 3208 353 3268 ⁹)
370 3205 431 3258 Non
454 3203 528 3259 facio
546 3220 609 3258 cum
629 3202 787 3258 Abrescbio
811 3203 859 3270 (ad
878 3201 904 3258 h.
916 3203 954 3272 1.),
979 3202 1028 3271 qni
1052 3201 1207 3270 composito
1232 3199 1370 3268 propriam

246 3290 384 3359 quandam
397 3290 453 3344 vim
472 3304 541 3344 esse·
553 3288 730 3344 tribuendam
748 3293 845 3353 censet
859 3286 971 3357 ‚accepi
988 3287 1119 3342 alendum
1137 3284 1372 3351 curandumque“‚

245 3375 374 3445 quoniam
388 3375 506 3444 simplex
518 3380 627 3430 tantum
637 3372 731 3428 verbis
743 3373 837 3428 alendi
846 3372 949 3427 additis
962 3370 1007 3438 (cf.
1020 3371 1151 3440 exempla
1160 3383 1245 3438 supra
1254 3367 1373 3437 scripta)

245 3461 283 3515 ad
301 3461 372 3516 banc
390 3461 532 3517 notionem
551 3459 719 3514 cumulatam
738 3457 907 3528 perveniret.
936 3457 1017 3522 Quod
1036 3459 1068 3509 ut
1088 3459 1222 3525 sequatur
1242 3466 1279 3506 ex
1299 3468 1372 3507 com-

246 3545 394 3615 positione,
413 3544 473 3599 lieri
492 3559 547 3598 non
566 3548 669 3615 potest.
699 3543 782 3597 Falso
800 3557 869 3597 usus
887 3547 931 3597 est
949 3539 1069 3596 scholio:
1087 3536 1152 3595 ἀντὶ
1168 3545 1221 3595 τοῦ
1245 3537 1371 3610 ἔθρεψα,

246 3623 395 3687 ἀκέουσα.
430 3630 565 3685 Nimirum
594 3628 683 3684 sensit
710 3626 862 3683 scholiasta
887 3625 1098 3697 metonymiam:
1126 3624 1195 3680 baec
1220 3623 1372 3693 recipiendi

246 3716 319 3772 actio
337 3716 428 3788 prima
445 3720 489 3771 est
506 3721 535 3770 et
552 3715 670 3769 maxime
689 3712 803 3783 propria
814 3711 978 3768 obstetricis
990 3718 1020 3767 et
1032 3710 1113 3781 quasi
1125 3716 1232 3767 ceteras
1244 3708 1372 3764 includit.

247 3803 430 3868 Quamobrem
449 3817 504 3855 non
523 3800 613 3870 probo
630 3798 726 3854 Weilii
744 3798 932 3857 coniecturam
951 3791 1182 3868 ἐξεθρεψάμην.-

333 3890 355 3954 3)
373 3886 493 3942 Weilius
513 3892 610 3941 contra
621 3885 691 3940 alios
704 3883 827 3939 editores
840 3882 917 3938 bunc
929 3898 1040 3939 versum
1053 3880 1208 3937 rectissime
1220 3879 1373 3949 genuinum

248 3987 312 4029 esse
329 3972 489 4028 arbitratur.
518 3968 736 4026 Additurenim
754 3969 791 4024 ad
808 3969 1021 4038 praecedentem
1035 3981 1154 4033 versum,
1172 3972 1205 4020 ut
1216 3964 1373 4019 aocurstius

247 4058 427 4124 deliniantur,
444 4072 516 4128 quae
533 4061 614 4111 antea
631 4056 660 4109 in
679 4056 840 4110 universum
859 4054 934 4109 dicta
951 4058 1043 4108 erant:
1068 4046 1100 4108 ἐν
1121 4048 1208 4106 παντί
1222 4045 1332 4121 πράγει
1350 4041 1374 4102 δ’

247 4135 314 4199 ἐσθ’
340 4136 454 4211 ὁμιλίας
477 4148 570 4212 κακῆς
588 4136 693 4196 κάκιον
711 4132 805 4209 οὐδέν,
829 4133 942 4210 καρπὸς
966 4130 1001 4193 οδ
1025 4131 1191 4206 κομιστέος.
1227 4138 1375 4191 Praeterea

249 4227 294 4282 hic
315 4243 414 4283 versus
432 4232 529 4297 aperte
547 4226 699 4296 opponitur
716 4224 807 4279 nuntii
824 4224 920 4280 verbis
938 4238 965 4279 v.
984 4226 1048 4278 58οι
1070 4224 1197 4292 βαθεῖαν
1216 4213 1309 4274 ἄλοκα
1327 4212 1373 4271 διὰ
1466 4269 1467 4272 ,
