3196 4792
696 1064 883 1140 VITA.

314 1275 411 1333 Notus
439 1292 502 1334 sum
526 1275 703 1334 Ernestus
727 1274 857 1334 Lesser
888 1274 936 1333 die
964 1274 1047 1334 Xlll.
1069 1292 1159 1334 mens.
1181 1272 1302 1336 Octobr.
1325 1294 1352 1336 a.

230 1374 460 1435 MDGOOLXIX
489 1375 572 1435 Helio
603 1374 761 1451 Saxonum,
793 1380 877 1452 patre
909 1376 1051 1452 Henrioo,
1080 1394 1167 1452 quem
1197 1374 1253 1435 iam
1282 1380 1352 1436 onte

231 1475 472 1552 quattuordecim
486 1495 580 1562 annos
591 1478 662 1537 mihi
675 1481 808 1554 ereptum
825 1494 890 1536 esse
905 1477 1031 1536 maxime
1047 1476 1144 1553 doleo,
1159 1482 1253 1537 matre
1264 1479 1353 1538 Anna

230 1581 351 1653 egente
367 1578 501 1639 (illesow.
537 1578 640 1638 Fidem
665 1578 807 1655 profiteor
830 1578 1041 1654 evangeliorum.
1083 1580 1143 1639 Per
1166 1583 1233 1639 ooto
1256 1597 1352 1639 annos

230 1685 260 1739 et
274 1697 327 1740 sex
345 1698 462 1741 menses
477 1681 731 1757 orphanotrophei
747 1679 928 1740 Fronokiuni
948 1682 1136 1758 gymnasium
1153 1681 1352 1757 frequentavi.

230 1781 409 1842 Maturitstis
432 1783 601 1843 testimonio
623 1784 787 1843 instructus
810 1801 883 1842 vere
902 1781 1230 1843 a.MDcceLxxx1x
1249 1783 1279 1842 in
1295 1783 1352 1841 hao

230 1883 381 1944 academie
390 1883 594 1944 Friderioisno
603 1885 725 1945 Holonsi
736 1883 919 1961 philologiae
931 1883 1037 1944 studiis
1049 1902 1094 1944 me
1107 1883 1215 1945 dedidi.
1231 1882 1353 1944 Soholus

230 1985 331 2045 audivi
360 2004 407 2045 vv.
434 1985 483 2045 dd.
510 1986 728 2062 Beysohlug,
757 1986 936 2058 Burdsoh,
964 1985 1236 2065 Dittenberger,
1266 1985 1352 2046 Erd-

231 2106 347 2165 manu‚
368 2089 491 2165 Haym,
515 2087 761 2166 Heydemsnn,
783 2087 917 2165 Hiller‚
942 2088 1037 2165 Keil,
1060 2086 1182 2160 Lenis,
1205 2088 1353 2167 Robert,

230 2187 390 2267 Sievors,
418 2191 574 2249 Forster.
627 2190 815 2265 Benignitete
846 2208 893 2248 vv.
924 2189 973 2249 dd.
1002 2189 1180 2263 Burdaoh‚
1212 2191 1352 2250 Ditton·

231 2292 371 2366 berger,
400 2292 531 2368 Hiller,
556 2291 653 2368 Keil,
675 2291 832 2363 Sievers,
857 2290 1092 2370 Kauifmenn‚
1113 2292 1257 2352 Bremer
1283 2292 1354 2352 mihi

231 2393 364 2469 contigit,
386 2397 419 2452 ut
441 2393 591 2469 particeps
613 2391 714 2452 fierem
736 2391 982 2453 exercitationum
1002 2392 1208 2469 proseminarii
1223 2397 1252 2452 et
1267 2394 1353 2451 semi·

231 2495 308 2555 nerii
330 2494 513 2572 philologici.
556 2494 713 2556 Sooietutis
736 2513 810 2554 vero
833 2495 1045 2572 philologieae‚
1067 2499 1101 2555 ut
1123 2513 1219 2556 essem
1242 2493 1354 2554 sodalis

231 2614 285 2674 per
309 2600 414 2672 quater
436 2614 489 2656 sex
512 2614 638 2668 menses,
661 2595 790 2674 benigne
813 2595 883 2655 mihi
898 2597 1033 2673 permisit
1047 2596 1173 2656 Keilins.
1209 2595 1353 2657 Omnibus

232 2700 329 2758 antem
347 2715 422 2774 qnos
438 2698 666 2759 commemoravi
689 2698 761 2757 viris
784 2698 963 2761 doetissimis
980 2699 1090 2776 optime
1113 2698 1150 2759 de
1173 2716 1219 2757 me
1242 2698 1354 2758 meritis

231 2801 342 2875 gratias
365 2803 395 2859 et
416 2817 496 2859 nune
518 2818 576 2877 ugo
599 2803 629 2861 et
652 2818 768 2878 semper
790 2799 906 2861 habebo
922 2801 1072 2877 maximos,
1094 2799 1257 2878 praecipue
1279 2818 1353 2860 voro

231 2900 367 2978 Keilio,
389 2900 455 2961 viro
478 2902 675 2963 illustrissimo
698 2907 728 2963 et
749 2904 892 2980 magistro
916 2904 985 2963 mihi
1007 2902 1243 2979 veneratissimo,
1265 2921 1352 2980 quem

232 3001 338 3064 studiis
362 3003 436 3061 meis
452 3002 597 3063 fautorem
621 3003 714 3066 fuisse
736 3008 766 3064 et
788 3005 953 3066 adiutorem
972 3005 1283 3067 benevolentissimum
1299 3024 1354 3082 per

232 3109 323 3166 totam
346 3105 435 3165 vitam
458 3106 508 3183 pio
531 3108 678 3184 gratoque
700 3108 799 3168 animo
822 3108 993 3186 profitebor.
