3196 4792
258 166 300 229 λθ

257 332 357 393 manni
374 332 588 408 interpretatio
604 332 709 392 eodem
726 332 790 391 lure
806 331 934 392 obtineri
948 333 1066 411 poterit,
1089 334 1231 411 quoniam
1252 339 1379 411 utraque

256 437 363 495 eontra
384 434 607 512 grammaticam
631 433 679 494 vel
700 434 879 494 sententiam
902 453 962 495 non
985 439 1109 513 pugnat.
1117 433 1139 505 ¹)

341 524 522 611 ἐξακούω
544 535 646 611 audio,
669 536 753 596 Eum.
768 539 843 598 400:
865 526 1049 614 πρόσωθεν
1071 526 1238 617 ἐξήκουσα
1258 529 1378 618 κληδό-

255 653 315 708 νος
343 627 439 716 βοήν,
467 637 505 698 of.
521 637 609 717 Sopb.
625 638 701 698 Phil.
717 641 791 700 676:
815 627 905 717 λόγῳ
926 631 988 717 μὲν
1009 629 1170 721 ἐξὴκουσ,
1202 629 1327 700 ὄπωπα
1350 625 1380 699 δ

256 725 300 801 οὗ
321 730 417 823 μάλα.

341 833 597 923 ἐξαμαρτάνω
626 863 731 923 poeno,
760 846 860 906 Prom.
886 849 980 908 1071:
1013 842 1110 925 σοφῷ
1143 836 1206 926 γάρ
1240 837 1379 927 αίσχρόν

256 936 506 1028 ἐξαμαρτάνειν,
537 948 586 1008 ubi
614 948 713 1008 eluoet
741 949 993 1026 praepositionem
1023 948 1053 1008 in
1084 951 1248 1027 composito
1275 969 1379 1029 super

254 1068 417 1113 ruoaneam
451 1068 525 1111 esse.
571 1050 742 1110 Lnontenta
771 1050 903 1112 eiusdem
935 1069 1006 1112 usus
1036 1053 1176 1130 exempla
1204 1058 1275 1113 sunt
1299 1053 1378 1130 apud

255 1148 464 1230 sophocleml)
491 1153 560 1213 Ant
577 1157 650 1215 743:
680 1138 806 1231 οὐγὰρ
830 1141 942 1212 δίκαιά
965 1136 994 1212 o'
1010 1139 1276 1234 ἐξαμαρτάνονθ’
1291 1137 1380 1235 ὁρῶ.·

256 1255 353 1318 Creon
385 1256 498 1334 pergit:
534 1239 716 1333 ἁμαρτάνω
749 1246 812 1335 γάρ
846 1241 906 1326 τὰς
938 1244 1017 1333 ἐμὰς
1049 1240 1152 1334 άρχάς
1185 1250 1303 1330 σέβων,
1339 1257 1377 1330 ot.

256 1359 344 1419 etiam
366 1377 396 1418 r.
413 1361 504 1420 1023.
696 1404 698 1407 -

340 1451 533 1538 ἐξαμείβω
548 1463 677 1536 transeo,
692 1461 774 1520 Pers.
788 1465 861 1522 133:
883 1449 945 1518 τὸν
960 1447 1188 1539 ἀμφίζευκτον
1202 1453 1379 1541 ἐξαμείψας

257 1548 448 1641 άμψοτέρας
469 1549 566 1622 {laon
588 1559 711 1641 πρῶνα
739 1548 860 1622 κοινὸν
890 1556 978 1641 αἴας,
1005 1563 1043 1625 of.
1062 1583 1091 1624 v.
1114 1569 1166 1626 70:
1195 1556 1379 1642 λινοδέσμῳ

256 1657 367 1745 σχεδία
396 1653 557 1743 πορθμὸν
588 1647 729 1742 άμείψας
753 1648 992 1743 Ἀθαμαντίδος
1006 1649 1133 1737 Ἕλλας.
1180 1666 1283 1726 Altero
1313 1666 1404 1726 tooo‘

257 1765 357 1827 Prom.
373 1769 449 1828 239:
472 1771 605 1825 κακαῖσι
627 1772 763 1839 ποιναῖς
784 1761 897 1827 ταῑσδέ
916 1761 950 1838 μ’
964 1759 1165 1848 ἐξημείψατο
1182 1767 1377 1845 compositum

256 1866 404 1929 diversam
427 1887 445 1928 a
467 1869 586 1946 vulgari
608 1869 728 1930 notione
751 1900 792 1908 -
815 1875 867 1930 aut
889 1869 1067 1930 transeundi
1097 1877 1149 1930 eut
1178 1869 1379 1931 commutandi

256 2001 299 2012 —-
321 1970 566 2049 signifieatlonem
590 1971 679 2032 babet
700 1965 895 2050 ‘rependere’,
917 1974 950 2032 ut
971 1972 1099 2049 simplex
1121 1978 1152 2032 et
1180 1971 1378 2049 compositum

257 2057 557 2153 άνταμείβεσθαι.3)

341 2166 583 2256 ἐξαμύνομαι
613 2195 715 2249 arceo,
744 2176 842 2239 Prom.
869 2180 943 2238 499:
981 2162 1031 2248 αίς
1060 2165 1120 2249 τάς
1151 2163 1280 2248 ἁπάσας
1308 2168 1378 2253 ἐξα·

255 2269 421 2357 μάνονται
443 2268 575 2349 νόσους.
619 2278 822 2357 llompositum
844 2298 913 2339 raro
945 2280 1088 2340 usitatum
1117 2279 1162 2340 bis
1190 2278 1272 2358 apud
1294 2280 1378 2340 Enri-

256 2383 355 2461 pidem
377 2381 542 2459 invenitur,
563 2381 614 2443 Or.
638 2385 712 2444 269:
744 2368 794 2452 οίς
815 2365 849 2460 μ>
872 2364 936 2441 εἶπ’
953 2366 1127 2441 Ἁπόλλων
1148 2367 1378 2460 ἐξαμύνασθαι

255 2473 347 2555 θεάς.
393 2482 498 2562 Suppl.
514 2487 583 2546 208.
621 2476 623 2479 ’
1001 2558 1004 2566 ¹

321 2573 585 2665 -ἐξαπὸλλυμι
607 2586 722 2675 oscito,
744 2586 816 2647 Obo.
832 2589 908 2648 836:
930 2575 993 2658 τὸν
1015 2577 1124 2645 αίτιον
1147 2568 1176 2644 δ’
1192 2575 1379 2662 ἐξαπολλύς

254 2676 374 2769 μάρου.
406 2690 524 2766 bgam.
540 2690 615 2750 533:
638 2682 694 2748 καὶ
717 2681 846 2766 σπέρμα
868 2676 975 2766 πάσης
997 2677 1222 2762 ἐξαπόλλυται
1240 2678 1378 2766 χθονός.

256 2789 525 2864 Krlebitasobius⁴l
547 2792 669 2852 Homeri
698 2790 834 2869 exempla
863 2791 965 2868 affert,
995 2791 1025 2849 in
1056 2791 1165 2869 quibus
1194 2792 1378 2871 praepositio

255 2886 305 2968 ἐτι,
335 2913 401 2978 oum
423 2894 548 2955 verbum
571 2911 637 2953 oum
660 2893 797 2971 genitivo
821 2893 1012 2954 ooniunotum
1036 2894 1088 2969 sit,
1118 2911 1201 2955 suum
1225 2894 1377 2971 propriam

256 2998 316 3058 rim
328 3001 426 3073 iteret:
448 2997 482 3056 rt
498 2999 527 3075 6,
542 2998 596 3056 60:
618 2981 714 3054 Ἰλίου
730 2981 944 3077 ἐξαπολοίατ’
959 2979 1136 3078 ἀκήδεστοι
1151 2989 1208 3054 καὶ
1222 2980 1377 3071 ἄφαντοι.

343 3194 365 3258 ¹)
381 3190 550 3245 adieetivum
569 3183 721 3260 ἐξάγιστος
738 3189 898 3259 significare
916 3190 989 3244 solet
1001 3192 1203 3259 „exsecretus“,
1222 3190 1378 3259 „detestan-

255 3278 336 3346 dus‘,
353 3281 385 3330 ut
402 3274 617 3346 praepositionis
637 3269 670 3331 ἐκ
689 3274 733 3330 vis
751 3275 847 3329 looulis
865 3275 960 3343 vigere
978 3274 1113 3331 videatur.
1150 3275 1239 3344 Magis
1262 3274 1378 3329 dubium

255 3362 369 3416 videtur
393 3375 455 3415 esse
480 3358 564 3429 Sopb.
584 3357 651 3416 ooo.
668 3360 699 3415 0.
713 3363 791 3415 1526:
815 3349 876 3414 άδ
893 3354 1033 3429 ἐξάγιστα
1049 3358 1121 3430 μηδὲ
1145 3364 1268 3415 κινεῖται
1285 3353 1378 3434 λόγῳ,

256 3446 306 3501 ubl
326 3439 478 3514 ἐξάγιστος
497 3444 594 3513 „valde
618 3448 747 3500 ssnotus‘
774 3443 821 3512 (of.
841 3443 927 3501 sobol.
946 3450 975 3500 et
992 3445 1177 3514 Brunoklum)
1201 3451 1251 3502 aut
1269 3446 1378 3515 „pison-

255 3530 338 3584 laris“
357 3526 406 3598 (of.
418 3528 620 3595 Hermannum)
638 3530 803 3599 explicatur.
834 3528 862 3584 Si
880 3529 1050 3599 Hesychium
1063 3531 1206 3600 sequimur
1224 3534 1260 3600 (s.
1273 3547 1298 3585 v.
1313 3523 1376 3594 ἐξά-

254 3632 353 3685 γιστος
372 3622 401 3668 et
419 3607 570 3683 ἐξάγιστα)
595 3608 745 3685 ἐξάγιστος
763 3629 819 3668 vox
846 3615 937 3670 medis
959 3621 1004 3671 est
1027 3620 1059 3670 ut
1083 3604 1164 3686 άγιος
1188 3621 1217 3670 et
1233 3615 1309 3685 opud
1326 3616 1378 3671 La-

255 3699 330 3753 tinos
354 3712 441 3754 saoer.
476 3696 576 3766 Atque
601 3697 653 3753 hoo
670 3713 766 3754 vorum
785 3713 847 3754 esse
864 3704 942 3768 puto,
967 3698 1007 3754 ita
1031 3705 1064 3753 ut
1087 3698 1260 3769 praepositio
1279 3691 1314 3753 ἐκ
1332 3713 1378 3751 no·

254 3784 357 3839 tionem
375 3783 514 3839 verbalem
533 3789 642 3839 tanturn
660 3783 794 3839 intendat

339 3871 363 3940 ²)
381 3870 398 3926 1.
410 3870 429 3926 1.
447 3886 475 3939 p.
488 3874 529 3927 24.
637 3896 640 3904 ¹

339 3955 362 4023 8)
380 3954 417 4011 of.
428 3952 633 4009 Weokleinium
652 3954 687 4008 sd
706 3953 731 4009 b.
744 3954 762 4009 l.
797 3952 1138 4008 Ceterum'Blomfieldius
1155 3938 1377 4025 apographorum

254 4040 377 4094 lectione
395 4030 624 4111 ἀνταμείβεσθαι
643 4053 712 4094 usus
730 4037 782 4093 boo
800 4038 916 4093 verbum
934 4037 1090 4094 substituit.

340 4127 362 4189 *γ
381 4123 399 4177 l.
410 4123 428 4179 l.
447 4139 474 4192 p.
486 4127 527 4179 25.
