3196 4792
240 245 259 305 2

243 412 342 472 adhuc
367 411 556 472 desideratur·
579 411 722 471 eiusmodi
746 411 892 472 tractatio.
930 409 1008 472 Sane
1025 411 1144 489 quidem
1161 410 1267 488 phetae
1281 410 1362 471 illius

240 514 379 576 feracitas
408 519 438 574 et
468 515 557 590 copia
585 514 614 574 in
647 513 796 590 fingendis
827 515 912 574 novis
930 514 1097 575 ‘adiectivis
1128 520 1158 575 et
1185 514 1310 574 andacia
1332 517 1363 574 in

242 616 436 677 conectendis
458 636 522 676 cum
547 615 739 676 substantivis
761 617 871 676 iamdiu
893 623 1053 694 perspecta
1083 621 1129 679 est
1158 618 1364 695 exemplisque

241 719 373 780 collectis
395 720 551 779 illustrate.
595 721 635 779 Et
657 737 740 780 vere:
772 718 865 780 (luins
895 725 1022 781 mentem
1047 721 1076 779 in
1099 720 1209 781 fabulis
1231 720 1364 798 Aeschy-

241 822 295 881 leis
310 823 471 898 effugerint
482 822 646 898 pleonasmi
658 822 701 881 illi
713 825 746 881 ut
758 808 1024 900 γυναικὸβσυλσι
1034 816 1168 903 μητίδες
1183 821 1267 895 (eho.
1281 821 1364 900 624),

240 915 452 1002 κακόποτμοι
473 914 572 1001 τύχαι
595 923 711 1001 (Agam.
729 923 823 997 1130)
846 943 871 984 e.
886 925 930 985 s?
943 922 965 997 ¹)

325 1027 431 1104 Itaque
454 1046 634 1104 quamquam
661 1028 759 1099 ,nulla
781 1027 844 1087 fere
872 1026 1032 1087 diversitas
1063 1029 1156 1089 maior
1187 1032 1245 1107 est,
1274 1046 1361 1105 quam

243 1147 320 1206 quae
336 1130 414 1189 inter
429 1131 550 1190 nomina
565 1128 706 1206 Aeschyli
729 1135 759 1188 et
782 1129 874 1189 verba
896 1129 1069 1190 intercedit:
1091 1131 1122 1189 in
1145 1130 1203 1189 illis
1225 1131 1364 1202 varietas,

239 1230 269 1292 in
300 1232 346 1291 his
376 1232 549 1308 simplicitas
580 1235 610 1290 et
639 1229 836 1307 paucitas“²),
870 1235 969 1292 tamen
1000 1231 1205 1308 quaerendum
1235 1231 1362 1309 suscepi,

240 1352 309 1393 uum
333 1318 423 1410 poeta
445 1333 699 1410 praeclarissimus
721 1363 764 1374 -
786 1319 805 1392 b
827 1328 965 1411 πρῶτος
986 1329 1057 1392 τῶν
1077 1317 1256 1412 Ἑλλήνων
1278 1350 1362 1413 τυρ-

239 1424 348 1514 γώσας
370 1425 498 1518 ῥήματα
520 1425 624 1513 σεμνὰ
637 1430 693 1494 καὶ
709 1421 877 1517 κοσμήσας
891 1425 1055 1514 τραγικὸν
1069 1432 1174 1518 λῆρον
1197 1431 1363 1513 (Aristoph.

239 1556 303 1598 ran.
329 1534 422 1614 1004)
452 1568 494 1578 -
524 1539 613 1598 etiam
642 1539 672 1597 in
697 1538 794 1598 verbis
817 1538 990 1615 compositis
1013 1539 1128 1616 copiam
1152 1542 1182 1599 et
1203 1538 1362 1616 amplifica-

239 1642 349 1701 tionem
372 1659 445 1718 prae
467 1658 500 1701 se
522 1639 634 1700 tulerit.

325 1742 392 1816 Qua
413 1743 442 1802 in
465 1760 499 1802 re
522 1741 680 1803 tractanda
702 1743 727 1801 si
751 1742 1017 1820 circumspicimus,
1047 1742 1155 1820 quibus
1181 1746 1363 1820 argumentis

239 1846 368 1906 nitamur
390 1844 429 1905 ad
451 1845 619 1905 ubertatem
635 1844 906 1922 demonstrandam,
928 1845 1055 1922 primum
1071 1847 1264 1907 inveniuntur·
1285 1865 1361 1907 com·

239 1948 337 2024 posita
366 1966 443 2025 quae
474 1948 616 2007 inusitate
645 1946 805 2008 admodum
836 1951 866 2007 et
895 1953 1000 2008 contra
1029 1967 1112 2008 nsum
1145 1950 1288 2009 orationis
1311 1968 1362 2026 pe·

242 2048 350 2110 destris
373 2069 428 2128 pro
451 2048 635 2128 simplicibus
649 2053 833 2126 usurpantur
855 2048 906 2122 (of.
921 2041 1090 2127 ἐκτέμνειν
1105 2037 1187 2122 ἄκος
1202 2050 1296 2128 Agam
1313 2054 1362 2122 27,

241 2131 345 2230 τέρμα
378 2145 604 2230 διαμείβεσθαι
626 2153 725 2212 Prom.
741 2156 812 2229 301,
834 2141 987 2232 θνητοὺς
1012 2143 1048 2210 ἓν
1074 2145 1178 2232 οἴκτῳ
1204 2146 1363 2232 προτίθε-

240 2253 321 2314 σθαι
335 2257 435 2315 Prom.
452 2247 535 2333 255),
558 2254 668 2315 deiude
683 2255 913 2332 praepositionis
929 2256 988 2314 vim
1010 2256 1166 2315 evanuisse
1189 2256 1290 2316 elucet
1311 2259 1363 2315 aut

240 2375 277 2416 ex
308 2357 517 2433 negationibus
548 2357 743 2433 particulisve
772 2357 959 2417 adverbum
984 2356 1222 2433 amplificandum
1253 2357 1362 2418 additis

242 2457 290 2530 (cf.
314 2458 396 2534 Sept.
419 2462 492 2520 702:
520 2452 731 2537 τεθηγμένον
760 2452 814 2516 τοί
844 2443 877 2536 μ’
907 2443 971 2517 οὐκ
1004 2442 1228 2536 ἀπαμβλυνεῖς
1261 2447 1361 2537 λόγῳ,

239 2562 336 2621 Prom.
361 2563 436 2622 843:
467 2557 582 2635 σαφοῦς
609 2551 820 2638 ἐκμάνθανε),
844 2566 896 2620 ant
918 2560 998 2637 quod
1022 2561 1218 2637 compositum
1241 2565 1272 2620 et
1295 2561 1362 2619 sim·

240 2664 310 2739 plex
325 2665 388 2723 sine
404 2663 466 2723 ullo
482 2664 613 2723 notionis
636 2663 807 2723 discrimine
821 2664 905 2723 iuxta
920 2666 1074 2740 ponuntur
1083 2660 1107 2736 3)
1130 2661 1181 2736 (ot.
1196 2649 1363 2741 ἀπορρίπ-

238 2781 309 2824 τειν
333 2796 371 2805 -
394 2756 526 2844 ῥίπτειν
549 2765 621 2827 Gho.
637 2764 836 2844 912-913),
866 2768 919 2825 aut
943 2784 985 2825 cx
1012 2764 1163 2825 similibus
1179 2765 1362 2842 argumentis

238 2886 255 2927 e
278 2869 492 2927 sententiarum
517 2886 634 2928 conexu
656 2869 757 2945 petitis
780 2867 829 2936 (cf.
845 2860 982 2945 εἰσορᾶν
996 2870 1031 2940 Ι),
1053 2872 1116 2927 tum
1136 2873 1255 2928 exstant
1270 2868 1363 2928 verba

238 2999 280 3010 —
302 2973 332 3030 et
354 2971 378 3029 is
400 2988 541 3031 numerus
563 2970 653 3047 longe
675 2972 820 3031 maximus
848 2976 893 3031 est
914 3002 956 3011 —
979 2973 1008 3030 in
1039 2972 1149 3048 quihus
1179 2971 1361 3049 praepositio

239 3090 338 3132 merae
361 3071 503 3132 ubertatis
527 3091 617 3133 causa
640 3073 736 3151 posita
759 3076 819 3149 est,
844 3072 925 3150 quod
948 3073 1041 3133 verba
1063 3076 1189 3151 propter
1211 3073 1361 3133 notionem

239 3178 289 3233 aut
320 3173 434 3234 intendi
465 3193 523 3234 uon
554 3181 692 3253 possunt,
725 3180 759 3236 ut
780 3176 874 3235 verba
902 3175 1120 3253 interficiendi,
1152 3173 1282 3249 delendi,
1312 3177 1362 3233 ant

238 3276 319 3353 quod
351 3276 433 3337 notio
463 3277 692 3354 praepositionis
723 3279 753 3337 iu
784 3277 885 3337 verbis
914 3278 986 3354 ipsis
1016 3278 1107 3337 tacite
1141 3273 1361 3353 quodammodo

237 3379 354 3438 inclusa
376 3382 431 3456 est,
453 3383 487 3438 ut
508 3381 539 3439 in
563 3381 664 3440 verbis
687 3379 805 3440 dicendi
829 3380 1011 3456 praepositio
1035 3371 1081 3437 ἐκ.

324 3481 421 3555 Quam
438 3482 602 3542 ubertatem
620 3483 707 3542 etiam
724 3482 907 3557 Aeschylum
924 3480 1052 3540 coluisse
1067 3480 1210 3556 exemplis
1230 3480 1362 3540 collectis

238 3584 411 3661 probavisse
435 3603 480 3644 me
504 3603 601 3662 spero.
638 3583 753 3658 Quodsi
775 3582 951 3660 Sophoclem
976 3586 1006 3643 et
1019 3583 1204 3659 Aeschylum
1228 3585 1306 3643 inter
1328 3600 1360 3642 sc

238 3686 432 3764 conferimus,
464 3688 576 3746 etiamsi
598 3684 778 3763 Sophoclem
808 3689 964 3762 praestare
995 3685 1081 3762 copia
1102 3684 1261 3746 verborum
1293 3704 1361 3745 con·

324 3868 345 3938 1)
365 3866 485 3922 Uberius
503 3867 538 3920 de
550 3866 601 3921 hae
613 3881 641 3920 re
654 3865 811 3933 disputavit
821 3866 853 3920 P.
864 3865 1040 3919 Dettweiler:
1059 3863 1149 3920 Ueber
1167 3863 1222 3918 den
1239 3861 1361 3918 freieren

238 3952 388 4008 Gehrauch
405 3951 456 4005 der
472 3951 637 4019 Komposita
655 3949 700 4003 bei
718 3948 888 4019 Aeschylus,
905 3949 1023 4005 Giessen
1045 3952 1119 4016 1882,
1139 3951 1213 4002 1888.

204 4038 208 4045 ’
322 4039 346 4105 ²)
364 4035 394 4090 O.
412 4033 450 4089 A.
468 4035 501 4089 B.
518 4034 606 4102 Todt,
636 4034 672 4088 de
693 4031 838 4102 Aeschylo
863 4033 1060 4088 vocabulorum
1087 4031 1246 4101 inventore,
1273 4032 1362 4099 Helle,

240 4127 315 4189 sees,
333 4138 360 4191 p.
372 4127 414 4176 ιι.

323 4206 346 4271 ³)
363 4202 429 4258 vide
449 4201 570 4256 Brunck.
587 4201 624 4254 ad
641 4198 791 4269 Aristoph.
804 4200 869 4254 nub.
882 4203 941 4254 981.

1583 781 1592 814 'l
