3186 4810
236 155 275 213 λδ

237 319 405 381 Αίιιοηοίοο
415 317 437 393 ¹)
460 320 616 382 leotionem
640 322 705 384 ood.
720 325 758 382 Μ.
782 342 840 384 uon
860 323 969 399 probat
983 326 1013 383 et
1028 322 1160 400 praeiert
1175 321 1262 383 oodd.
1277 322 1357 383 Fier.

236 427 267 482 et
280 422 355 482 Vsu.
371 405 550 500 ἐκτέμνων,
573 425 620 484 oui
637 423 966 485 Keokiusassoutitur.
995 424 1108 485 Goutra
1124 421 1356 493 Weckleiaius²t

235 507 405 601 ε’ντέμνειν
428 509 509 595 deoc
532 556 571 566 -
598 525 670 598 „das
694 526 900 587 unmittelbare
922 528 1060 588 Bereiteu
1083 526 1137 586 des
1158 524 1353 587 Heiimittels“

237 655 276 666 -
301 626 464 687 reotissime
487 625 629 706 defendit,
650 627 703 690 sed
726 628 846 689 modum
861 626 1024 706 egreditur,
1046 646 1114 689 eum
1128 627 1201 688 dioit
1216 627 1246 687 id
1261 627 1357 689 solum

236 727 274 787 ad
298 733 432 787 nostrum
448 728 544 790 looum
561 729 720 807 quadrare.
756 732 832 790 Nam
856 730 914 791 hoo
937 728 1163 791 eoncedendum
1185 733 1233 791 est
1254 733 1285 790 et
1307 715 1358 787 εἰι·

236 821 368 906 τέμνειν
391 830 455 890 εἰπε
479 831 540 890 ulia
562 830 748 894 dubitatione
770 833 842 909 poni
864 833 1012 911 potuisse,
1034 835 1065 892 et
1084 822 1254 910 ἐντέμνειν
1268 831 1357 893 inusi-

236 934 298 992 tate
326 931 484 993 admodum
516 938 645 1011 apoeta
673 952 739 995 esse
768 934 943 995 adhibitum.
986 934 1132 994 Nimirum
1163 932 1240 994 duae
1262 937 1356 994 struo·

236 1037 324 1093 turae
353 1039 384 1094 et
412 1035 578 1096 sententiae
599 1035 677 1097 iuter
699 1054 732 1098 se
754 1037 920 1114 permixtae
942 1041 1024 1097 suut:
1056 1025 1151 1114 ῥίζαν
1180 1027 1357 1113 ἐντέμνειν,

237 1153 314 1212 quae
337 1141 383 1196 est
404 1136 499 1213 prima
513 1139 613 1213 operis
628 1156 706 1217 pars,
728 1144 758 1199 et
781 1124 862 1209 δικος
884 1131 1093 1215 ἄντιτέμνειν
1115 1137 1164 1198 vel
1186 1130 1358 1216 ἐκτέμνειν

237 1235 286 1295 vel
316 1229 457 1313 τέμνειν,
488 1238 569 1315 quod
600 1239 707 1300 deiude
738 1241 891 1317 sequitur,
920 1239 1087 1315 utsupra:
1119 1224 1194 1317 ἥκω
1226 1232 1358 1317 δολιχῆς

236 1330 340 1415 τέρμα
376 1329 545 1399 κελεύθου
586 1330 843 1419 διαμειψάμενος
880 1346 911 1403 εί
947 1329 1164 1420 διαρταμήσει
1204 1325 1357 1416 σώματος

237 1433 319 1517 μέγα
343 1429 454 1518 ῥάκος.

322 1533 561 1622 ἐπενδίδωμι
582 1546 706 1623 iusuper
736 1544 788 1623 do,
818 1545 923 1624 Agam.
949 1548 1043 1608 1385:
1074 1537 1131 1602 καὶ
1161 1530 1357 1603 πεπτωκότι

237 1638 354 1724 τρίτην
376 1640 429 1720 (so.
445 1636 589 1728 πληγὴν)
612 1639 822 1726 ἐπενδίδωμι.

759 1796 837 1861 mot.

322 1903 434 1992 iugens
456 1907 502 1963 est
524 1902 629 1965 horum
651 1905 811 1965 verborum
843 1922 999 1981 uumerus,
1027 1903 1080 1964 sed
1109 1908 1234 1980 propter·
1258 1901 1362 1962 varias

239 2004 470 2083 praepositionis
492 1999 548 2064 έπί
569 2006 802 2084 significationes
823 2007 854 2066 iu
876 2006 975 2066 verbis
997 2005 1181 2081 compositis,
1209 2022 1296 2080 quam
1328 2004 1358 2064 iu

239 2124 361 2184 quoque
390 2106 455 2167 looo
478 2107 536 2166 vim
569 2106 692 2185 habeat,
723 2126 816 2185 saepe
848 2106 963 2168 definiri
997 2125 1058 2168 uou
1092 2109 1199 2183 potest.
1244 2106 1358 2166 Tamen

241 2207 342 2267 multis
373 2207 447 2268 louis
476 2208 623 2284 simplicia
651 2212 717 2270 siue
746 2211 886 2289 graviore
909 2209 1074 2269 sententiae
1098 2207 1266 2269 differentia
1287 2205 1359 2284 poni

241 2309 374 2388 potuisse
396 2308 485 2369 faeiie
499 2316 634 2388 apparet
671 2311 809 2373 Ceterum
830 2312 886 2371 iam
903 2311 982 2389 apud
1000 2305 1192 2381 Homerumi)
1216 2308 1360 2370 eiusmodi

241 2412 472 2488 compositorum
496 2430 638 2474 numerus
661 2413 741 2474 haud
765 2415 891 2492 exiguus
914 2416 960 2474 est
981 2417 1012 2473 et
1033 2412 1161 2473 maxime
1183 2429 1220 2471 ex
1242 2410 1289 2471 his
1316 2409 1359 2470 iu·

240 2512 394 2592 tellegitur
415 2513 492 2576 hano
515 2513 653 2576 dictionis
683 2515 862 2587 ubertatem,
892 2519 925 2576 ut
954 2513 1136 2593 praepositio
1167 2511 1266 2573 verbis
1296 2512 1361 2572 siue

241 2614 364 2695 propria
385 2616 414 2675 vi
437 2615 579 2696 addatur,
608 2615 770 2678 aGraeeis
801 2618 859 2677 iam
891 2617 1097 2694 antiquissimo
1129 2619 1264 2692 tempore
1293 2630 1360 2674 esse

242 2719 414 2797 quaesitam.

326 2811 597 2900 duayydiioo‚⁴)
612 2814 895 2901 tnasdodpaap)
910 2809 1239 2899 ἐπαισχύνομαι,5)
1255 2811 1359 2878 έπαι-

243 2916 458 3004 σθένομαι,
481 2915 783 3004 ἐπαναγκάζωέ)
814 2917 1067 3002 ἐπαναμένω,
1094 2914 1361 2999 ἐπανατέλλω,

242 3019 441 3111 ἐπαρὴγω,
473 3022 647 3109 έπαριιαῖ,
678 3022 857 3107 έπαφῶ,λ)
886 3015 1098 3104 έπειιιάζοο,
1125 3017 1360 3103 ἐπέλπομαι,

329 3179 349 3247 ¹)
366 3175 502 3247 Philolog.
515 3174 656 3248 Supplem.
669 3175 691 3244 l,
708 3191 736 3245 p.
749 3179 797 3231 227
806 3205 836 3214 -
846 3179 887 3231 28.

327 3266 351 3332 ²)
370 3261 489 3319 Studien
506 3278 542 3318 uu
559 3260 710 3330 Asohyius‚
728 3276 754 3329 p.
768 3265 808 3316 92.

328 3350 352 3420 ⁸)
369 3347 405 3404 oi.
430 3351 472 3403 La
497 3347 603 3417 Roohe,
628 3347 659 3401 in
684 3361 747 3400 auu.
768 3346 867 3416 Gymu.
889 3343 1030 3399 Austriao.
1057 3347 1121 3397 1870
1139 3347 1168 3396 et
1188 3344 1266 3396 1871:
1294 3340 1360 3402 „Be-

243 3434 438 3505 obaehtuugen
456 3434 598 3489 liberdum
616 3430 863 3502 Spraehgubrauoh
881 3445 938 3485 rou
956 3422 1007 3485 ἐπί
1021 3428 1058 3482 im
1077 3427 1204 3481 Homer“.

332 3524 355 3588 ⁴)
371 3519 425 3575 hoo
443 3520 627 3590 mmpositum
646 3533 762 3588 prorsus
784 3517 872 3574 instar
896 3514 1028 3584 simplius
1050 3513 1103 3568 iam
1121 3511 1197 3583 apud
1214 3512 1362 3567 Homerum

244 3605 387 3662 invonitur
404 3604 455 3662 0d.
467 3608 559 3670 4:175:
581 3599 696 3673 μύθους
712 3599 767 3671 μὲν
784 3594 982 3673 ὑπερφιάλους
1000 3593 1130 3655 δλέαοθε
1148 3592 1258 3661 πάντας
1275 3587 1362 3664 ὁμῶς,

243 3686 283 3761 μή
302 3685 359 3746 πού
377 3708 419 3755 τις
437 3682 626 3759 ἐπαγγείλρσι
643 3685 694 3743 καί
712 3679 782 3743 είοοι
799 3686 960 3755 (Bekkerus
979 3690 1008 3740 et
1021 3682 1167 3739 Nauokius
1182 3697 1232 3750 pro
1251 3675 1363 3751 έπαγγ,

245 3776 321 3848 quod
339 3780 384 3830 est
399 3774 429 3828 iu
448 3774 561 3843 optimis
579 3773 732 3840 eodioibus,
751 3767 863 3842 οἷπαγγ.
881 3770 1030 3838 soribuut).

330 3862 351 3930 ὖ)
369 3858 541 3930 praepositio
557 3858 586 3913 iu
605 3856 649 3914 his
660 3857 756 3913 verbis
768 3863 798 3912 et
808 3855 945 3911 similibus
958 3853 1042 3910 habet
1052 3853 1109 3908 vim
1121 3850 1271 3918 oausaiem,
1289 3865 1360 3920 quae

245 3946 342 4002 addito
359 3943 520 4001 aoousativo
537 3959 605 3998 ousu
622 3942 768 3998 indicatur.

329 4034 354 4095 ⁶)
371 4026 407 4086 oi.
424 4028 539 4086 verbum
557 4027 723 4085 simillimum
742 4020 952 4096 οἰσαναγκάζο).

331 4116 354 4186 ²)
372 4131 407 4172 ex
423 4112 537 4170 notione
550 4114 701 4188 veriorum¹
715 4111 849 4183 uerendi
865 4110 928 4185 ipsa
945 4109 1073 4178 sequitur
1084 4107 1129 4164 vis
1140 4104 1364 4180 praepositionis
