3196 4792
230 212 271 271 34

231 377 341 438 eradat
356 377 437 437 notio
451 376 660 452 perspiciendi.
690 376 791 454 Suppl.
809 379 882 437 101:
897 362 1000 454 πόροι
1014 370 1163 437 κατιδεῖν
1177 366 1352 455 ἄφραστοι,

231 484 262 539 et
285 481 381 540 1069:
402 471 436 537 rt
459 469 493 536 δέ
515 470 628 554 μέλλω
649 473 756 555 φρένα
778 472 861 537 otoo
883 475 1052 558 καθορᾶν;

315 564 626 658 καταγιγνώσκω
647 579 779 641 diiudieo
788 577 820 656 ¹),
836 582 919 640 llum.
935 584 1011 641 576:
1033 564 1127 650 ότιως
1141 567 1183 639 άν
1198 566 1236 640 εὖ
1252 596 1350 639 κατα-

231 678 371 761 γνωσθῇ
399 673 486 758 δόκητ
523 679 654 758 Simplex
688 682 775 741 simili
809 699 898 742 sensu
931 682 1090 754 invenitur,
1122 686 1156 743 nt
1189 685 1272 743 Dem.
1303 686 1351 754 19,

231 804 260 862 p.
285 789 357 862 416,
383 789 415 845 3:
446 773 489 842 τὰ
522 776 634 843 δίκαια
665 772 791 862 γνόντα
822 778 878 842 καὶ
910 772 954 842 τά
983 774 1210 867 προσήκοντα.
1262 783 1352 862 Apud

232 885 412 962 Aeschylum
435 886 480 945 vis
501 886 586 946 verbi
610 891 640 945 et
661 886 883 964 praepositione
906 877 993 946 κατά
1015 892 1045 946 et
1075 887 1217 948 adverbio
1240 867 1277 946 εὖ
1308 889 1352 947 in·

231 987 372 1048 tenditur.
417 987 478 1048 Our
492 986 612 1047 Peleius
635 982 830 1066 όιαγνωσθη
852 990 1014 1066 scripserit,
1036 1008 1095 1050 non
1112 988 1200 1051 video
1223 1007 1353 1064 oausam,

230 1090 286 1150 nisi
308 1088 389 1166 quod
405 1107 433 1147 v.
450 1092 523 1149 712:
546 1083 728 1167 διαγνῶναι
750 1084 847 1170 δίκην
869 1092 987 1168 legitur.
1024 1089 1102 1151 Sane
1118 1091 1237 1169 quidem
1254 1107 1353 1150 κατα-

228 1179 405 1270 γιγνώσκω
427 1209 495 1251 raro
518 1188 678 1252 admodum
701 1210 761 1252 non
784 1192 885 1253 diflert
913 1211 932 1254 a
961 1194 1083 1253 notione
1114 1193 1270 1269 simpliois,
1299 1190 1352 1252 sed

230 1294 326 1353 simile
348 1291 419 1371 qnid
443 1292 587 1353 habemns
610 1292 733 1373 Antiph.
749 1299 778 1373 6,
794 1298 827 1356 3:
856 1284 901 1373 μὴ
933 1279 1048 1373 όρθοός
1076 1291 1354 1371 καταγνωσθεῖσα

231 1414 271 1457 so
294 1388 370 1475 όίκη
392 1394 505 1472 (agitur
528 1395 566 1454 de
589 1413 680 1456 eausa
702 1414 763 1458 non
785 1398 816 1457 in
839 1397 945 1456 malam
968 1401 1082 1473 partem
1106 1396 1286 1472 diiudioata)‚
1317 1395 1354 1455 of.

232 1497 320 1557 etiam
342 1497 417 1556 Xon.
432 1493 503 1556 Oeo.
519 1499 547 1574 2,
564 1499 612 1574 18,
634 1497 697 1557 Ael.
714 1516 776 1557 var.
791 1497 859 1558 hist.
876 1502 924 1575 14,
941 1502 991 1560 16.

317 1586 642 1676 κατακάρφομαι*
673 1618 837 1677 mareesoo,
874 1602 978 1677 Agam.
1001 1603 1054 1662 80:
1090 1591 1263 1675 φυλλάδος
1291 1587 1353 1679 ἤδη

233 1693 538 1780 κατακαρφομένης.
585 1700 716 1778 Simplex
738 1701 863 1762 verbnm
893 1703 950 1762 iam
982 1703 1062 1780 apud
1087 1704 1248 1763 Homerum
1279 1700 1354 1760 simi·

233 1803 301 1862 liter
323 1802 435 1862 dietum
457 1803 617 1878 invenitur,
640 1807 673 1863 nt
687 1803 742 1866 Od.
760 1806 808 1882 13,
823 1807 898 1866 398:
920 1795 1043 1881 κάρψω
1064 1796 1124 1885 μέν
1145 1794 1228 1881 χρόα
1250 1791 1355 1862 καλόν

232 1897 282 1963 ένὶ
305 1907 506 1982 γναμπτοῖσι
528 1898 669 1983 μέλεσσι.
677 1902 701 1977 ²)

318 1994 554 2085 καταμηνόω
586 2005 698 2083 indioo,
727 2008 825 2068 Prom.
850 2010 922 2070 188:
953 1995 1081 2066 οὔποτε
1104 2052 1110 2064 .
1134 2051 1140 2065 .
1163 2053 1169 2067 .
1193 1996 1265 2065 τόδ>
1291 1996 1356 2083 ἐγώ

233 2096 462 2187 καταμηνύσω.
501 2107 703 2185 compositum
727 2107 869 2186 simpliois
892 2111 986 2169 instar
1006 2114 1060 2181 est,
1082 2112 1116 2169 nt
1130 2108 1242 2169 Herod.
1259 2112 1286 2185 7,
1302 2111 1356 2169 30:

234 2199 340 2289 στήλη
373 2196 579 2289 καταμηνύει
613 2197 667 2269 διὰ
698 2199 903 2289 γραμμάτων
935 2201 1015 2281 τούς
1046 2196 1177 2284 οὔρους.
1230 2210 1358 2287 Propria

234 2311 466 2390 praepositionis
497 2313 541 2372 vis
571 2314 763 2390 eognosoitur
786 2318 857 2386 tum,
888 2331 954 2373 enm
985 2312 1104 2373 additus
1127 2316 1173 2374 est
1193 2313 1358 2389 genetivus,

235 2414 305 2490 Lys.
328 2413 358 2472 in
383 2415 473 2489 Agor.
497 2413 588 2484 549:
611 2401 654 2473 ου’
677 2404 882 2494 κατεμήνυσε
904 2410 976 2474 τεόν
997 2398 1141 2492 ἀνδρῶν.

320 2508 553 2591 καταξενῶ*
583 2516 711 2593 hospitio
743 2518 875 2594 exeipio,
911 2516 981 2577 cho.
1007 2519 1081 2577 702:
1115 2506 1358 2573 καταινέσαντα

236 2611 292 2677 καὶ
315 2612 595 2696 κατεξενωμένον.
640 2620 796 2696 Propriam
820 2620 877 2677 vim
901 2618 991 2678 habet
1019 2617 1212 2695 oompositnm
1242 2632 1357 2673 καται-

235 2714 395 2794 νέσαντα,
425 2723 564 2799 quoniam
587 2722 711 2800 simplex
734 2712 840 2780 αἰνεῖν
869 2739 938 2781 raro
961 2719 1090 2781 admittit
1112 2719 1261 2780 notionem
1289 2736 1358 2794 pro·

236 2826 372 2886 mittendi
402 2825 505 2903 (Soph.
520 2825 596 2886 Phil.
613 2829 694 2887 1398
717 2829 747 2885 et
769 2826 840 2885 Eur.
857 2823 908 2886 Or.
925 2821 1027 2896 1366).
1079 2823 1125 2882 nd
1155 2822 1243 2883 huius
1273 2822 1357 2882 verbi

236 2931 403 3008 analogiam
427 2930 544 2990 videtur
566 2920 838 3006 κατεξενωμένον
860 2928 989 3005 positum
1012 2920 1115 3002 esse.³)

321 3020 587 3111 καταρράατω
617 3048 741 3107 οοοεαο,
773 3031 857 3090 llum.
884 3034 938 3092 26:
974 3017 1067 3105 λαγώ
1103 3021 1199 3106 δίκην
1232 3021 1361 3084 Πενθεῖ

236 3126 454 3216 καταρράψας
475 3125 591 3212 μόρον.
630 3134 715 3192 Hom.
731 3132 785 3193 01.
804 3136 852 3207 16,
867 3136 941 3192 421:
964 3125 997 3187 τί
1019 3115 1039 3210 ἦ
1062 3122 1097 3187 δὲ
1119 3114 1160 3188 σύ
1186 3116 1361 3207 Ίηλεμάχφ

237 3229 391 3301 θάνατόν
420 3255 457 3297 τε
489 3226 597 3315 μόρον
625 3250 661 3292 τε
684 3224 829 3311 ῥάπτεις.
871 3230 1090 3308 Simplicitatem
1115 3232 1190 3306 epioi
1214 3229 1359 3289 sermonis

238 3344 323 3406 anxit
344 3347 375 3403 et
396 3339 554 3402 exornavit
575 3334 753 3411 Aesehylus.

243 3491 443 3506 -....-.-

328 3575 350 3641 ι)
368 3568 405 3627 of.
422 3567 609 3623 Abresohium
628 3565 664 3620 ad
682 3563 708 3619 ir.
721 3565 739 3620 1.

323 3660 347 3724 ²)
364 3654 522 3711 simillimus
546 3651 625 3707 loeus
648 3656 741 3706 exstat
763 3649 990 3718 Antlr.11,314:
1014 3640 1053 3714 ὡς
1076 3645 1107 3706 δὲ
1131 3642 1218 3718 ῥόδον
1235 3643 1361 3703 θαλέθει

240 3761 309 3808 σκες
327 3736 358 3798 έν
377 3731 467 3810 εἴαρι·
492 3742 543 3793 νῦν
561 3738 585 3792 ci
605 3730 774 3808 έμαράνθης
790 3730 899 3806 γήραος
916 3728 1054 3807 αόγμηρῷ
1072 3727 1243 3805 καρφομένη
1268 3727 1361 3804 θέρεϊ.

324 3828 348 3893 ³)
365 3823 560 3879 Weckleinius
578 3822 689 3876 omnino
707 3820 818 3875 dubitat
836 3821 871 3876 de
889 3819 942 3874 hoo
954 3819 1040 3873 verbo
1058 3825 1087 3873 et
1103 3809 1361 3883 κάτιδεξιοόμενον

240 3909 373 3967 substitui
391 3909 459 3976 vult,
480 3907 525 3962 oni
538 3907 591 3961 hoe
609 3910 685 3960 oerte
703 3905 912 3960 eoncedendum
931 3909 975 3958 est
991 3904 1169 3967 καταξενοῦν
1186 3901 1222 3955 de
1239 3899 1361 3971 Strophii

242 3996 365 4065 hospitio
383 4009 440 4049 non
459 3998 525 4062 apte
547 3991 613 4046 diei.
648 3990 704 4046 Sed
721 3989 886 4045 Sehnetnius
903 3996 933 4043 et
951 3986 1068 4043 Woitins
1086 3984 1209 4040 referunt
1226 3992 1302 4040 reete
1326 3985 1362 4039 ad

242 4080 503 4150 Clytaemnestram:
529 4092 605 4144 ,oum
628 4074 761 4144 Strophio
785 4073 957 4143 promiserim
981 4077 1011 4126 et
1033 4069 1148 4126 anobis
1172 4068 1293 4142 hospitio
1316 4083 1362 4124 ex·

241 4169 342 4236 eaptus
360 4164 427 4221 siml*
446 4160 495 4233 tot.
509 4177 534 4216 v.
547 4163 715 4231 ttl-ttnt
