3196 4792
1323 227 1428 286 29,

330 412 357 452 v.
373 395 450 455 983:
473 385 535 453 κεί
556 383 662 465 τόπος
685 379 829 471 εὔφρων,
851 390 917 464 πᾶς
939 410 988 464 τις
1010 411 1035 452 ε.
1056 405 1090 472 ψ.
1108 379 1137 452 ri.
1153 379 1201 453 εὖ.
1226 425 1267 435 -
1289 395 1307 454 i.
1324 410 1363 456 e:

247 493 390 556 Homines
412 497 550 572 quamvis
573 496 710 557 benevoli
734 496 793 556 sint
816 494 867 570 (sc.
889 497 919 555 in
949 496 1126 573 peregrinos
1151 496 1364 573 excipiendos),

247 600 345 658 tamen
368 598 457 659 dictis
479 598 596 659 addunt
618 597 783 660 maledicta.
827 596 885 658 Sed
908 590 1060 658 ἐπειπεῖν
1082 599 1157 659 nihil
1179 599 1259 660 aliud
1275 600 1365 677 signi·

245 698 315 760 ficat
336 701 392 761 nisi
423 701 504 779 quod
534 701 564 761 in
595 702 660 778 ipso
690 701 811 763 nomine
842 689 948 779 ψόγος
977 701 1068 778 inest,
1101 706 1214 762 contra
1235 702 1363 780 aliquem

245 801 351 863 dicere.

330 897 543 985 ἐπεκχωροό
565 911 670 986 postea
684 908 825 986 procedo,
847 909 931 970 Pers.
945 912 1024 970 404:
1047 895 1206 987 δεύτερον
1220 899 1250 966 δ>
1264 889 1283 965 ὁ
1297 904 1365 978 πᾶς

245 997 367 1078 στόλος
389 998 593 1089 ἐπεξεχώρει.
630 1010 782 1072 Aduerbio
805 1000 964 1090 δεύτερον
981 1011 1059 1072 idem
1074 1011 1223 1072 indicatur
1237 1011 1318 1090 quod
1334 1012 1364 1070 in

245 1112 345 1173 verbo·
361 1113 528 1189 composito
549 1115 640 1186 inest,
671 1115 817 1191 reliquam
847 1132 963 1175 omnem
987 1115 1112 1175 classem
1135 1117 1204 1191 post
1226 1111 1364 1175 dextrum

246 1233 340 1276 cornu
361 1215 536 1292 procedere.

331 1318 443 1380 Oontra
464 1319 495 1379 in
518 1319 630 1397 duplici
659 1320 824 1397 composito
853 1312 1081 1397 έπεμβαίνω
1109 1318 1187 1380 duae
1213 1320 1365 1397 praeposi·

244 1421 342 1482 tiones
365 1438 449 1481 suam
479 1423 536 1482 vim
568 1427 680 1484 tenent.
723 1421 804 1500 Sept.
821 1426 899 1485 621:
929 1411 1069 1502 πύργοις
1098 1411 1248 1500 ἐπεμβάς.
1287 1423 1364 1483 Nam

244 1514 300 1581 ἐπί
322 1524 437 1585 indicat
456 1529 553 1587 turres
575 1526 708 1601 ascendi,
742 1545 779 1586 ex
798 1524 1020 1604 praepositione
1045 1517 1081 1583 ἐν
1096 1524 1211 1602 pendet
1233 1525 1365 1586 dativus.

245 1625 336 1705 Soph.
358 1625 432 1688 Oed.
455 1627 487 1689 O.
508 1632 586 1691 924:
618 1625 676 1709 τῆς
705 1621 916 1707 ἐπεμβαίνων
936 1618 1065 1706 χθονός
1096 1633 1185 1691 vacat
1213 1630 1365 1707 praeposi-

246 1727 287 1790 tio
309 1720 354 1789 ἐν.

331 1831 469 1894 Similiter
491 1834 521 1893 in
544 1833 635 1894 verbo
659 1826 901 1911 ἐπενδίδωμι
922 1833 1047 1911 insuper
1066 1833 1114 1911 do,
1136 1833 1245 1895 Aesch.
1261 1834 1365 1910 Agam.

248 1937 345 1996 1385:
376 1929 433 1994 καὶ
461 1926 661 1997 πεπτωκότι
683 1932 800 2017 τρίτην
822 1930 1023 2013 ἐπενδίδωμι
1045 1936 1227 2015 praepositio
1250 1929 1305 1996 ἐπί
1326 1937 1364 1996 ad

246 2038 421 2099 adverbium
443 2039 595 2101 numerale
618 2041 763 2102 ubertatis
786 2058 878 2102 eausa
900 2039 1004 2100 addita
1026 2043 1072 2101 est
1093 2037 1143 2112 (cf.
1159 2031 1363 2117 ἐπεκχωρῶ).

331 2131 598 2221 έπενβρώσιιω
619 2144 727 2221 insilio,
748 2144 831 2205 Pers.
848 2147 925 2205 362:
947 2136 1103 2220 σέλμασιν
1118 2137 1207 2201 νεῶν
1221 2133 1365 2203 ἐπενβο-

246 2231 378 2321 ρόντεςτ
400 2243 589 2322 Praepositic
611 2235 667 2303 ἐπί
689 2263 912 2322 supervacanea
934 2246 1054 2307 videtur
1076 2241 1176 2316 esse.¹)

330 2329 345 2404 έ
351 2347 421 2423 πεξ
426 2333 564 2424 ιακχὰζ
569 2365 598 2406 ω
612 2348 756 2424 exclamo,
770 2348 851 2426 Sept.
868 2353 945 2411 622:
960 2331 1132 2426 ἁλώσιμον
1145 2342 1261 2408 παιᾶν’
1274 2332 1366 2423 ἐπεξ-

246 2437 413 2526 ιακχάσας,
436 2450 475 2509 cl.
497 2451 607 2511 Herod.
624 2454 652 2529 8,
662 2455 716 2513 65:
738 2440 799 2531 τὴν
821 2438 942 2530 φωνὴν
962 2447 1022 2534 τῆς
1044 2435 1179 2521 ἀκούεις
1201 2434 1239 2509 ἐν
1260 2437 1366 2528 ταύτῃ

246 2548 288 2628 τῇ
309 2535 391 2631 ὁρτῇ
413 2534 618 2632 ἰακχάζουσι.»

331 2640 479 2729 ἕπιβοω
494 2657 638 2731 acclamo,
654 2658 735 2718 Pers.
753 2661 851 2719 1055:
867 2650 924 2716 καί
936 2649 1044 2737 στέρν’
1060 2645 1181 2734 ἄρασσε
1199 2639 1365 2730 ιιάπιβῶλ)

245 2747 286 2817 τὸ
308 2748 458 2819 Μύσιονι
480 2759 632 2837 Aristoph.
655 2780 700 2820 av.
717 2763 795 2822 898:
824 2753 923 2836 μέλος
943 2752 1071 2838 χέρνιβι
1092 2750 1249 2832 θεοσεβὲς
1265 2740 1367 2816 ὅσιον

245 2842 388 2933 ἐπιβοᾶν
409 2861 456 2920 vis
479 2861 710 2937 praepositionis
732 2861 892 2919 manifesta
914 2856 994 2932 est.³)

332 2953 514 3041 ἐπιχηβιῦ
537 2964 645 3038 laetor,
667 2957 852 3023 Prom'166:
874 2952 957 3040 μήτε
971 2978 1022 3033 τις
1038 2949 1141 3032 ἄλλος
1163 2955 1269 3020 τοῖσδ’
1290 2951 1363 3020 ἐπε-

247 3053 362 3146 χήθειε
385 3065 453 3125 Νοο
477 3065 627 3126 assentior
649 3063 844 3142 Weckleinio,
866 3066 917 3141 qui
939 3064 1032 3125 verbo
1055 3056 1231 3142 ἐπιχηθεῑν
1254 3067 1367 3124 certam

247 3166 399 3243 quandam
434 3168 586 3228 notionem
620 3166 770 3227 vindicat:
803 3159 979 3246 ἐπιχηβεῑν
1012 3169 1043 3227 εί
1072 3158 1254 3244 ἐπιχαίρειν
1288 3164 1364 3224 idem

247 3269 348 3330 valere
370 3274 462 3348 atque
492 3258 533 3328 τὸ
554 3265 777 3347 συνεπιχελᾶν
800 3274 873 3341 τοῖς
893 3252 1083 3347 ἀλλοτρίοις
1097 3263 1252 3343 κακοῑςβ)
1282 3266 1366 3341 Quae

247 3372 327 3433 notio
356 3389 426 3432 casn
450 3369 581 3449 quadrat
609 3371 646 3431 ad
669 3372 835 3448 compluria
864 3370 1014 3450 exempla,
1039 3370 1092 3431 sed
1114 3389 1173 3430 non
1197 3368 1234 3430 ad
1258 3369 1368 3448 omnia,

247 3476 280 3532 nt
300 3471 392 3552 Sepla.
413 3474 461 3535 Αἰ.
484 3479 560 3537 136;
590 3467 626 3534 σὲ
647 3468 708 3553 μὲν
731 3454 768 3534 εὗ
789 3463 971 3554 πράσσοντ’
992 3466 1163 3552 ἐπιχαίοω.
1208 3472 1285 3551 Opp.
1308 3472 1367 3532 hal.

250 3578 276 3646 1,
287 3578 368 3636 570:
392 3565 486 3655 χάμω
509 3571 538 3636 δ’
559 3561 831 3658 ε’πιγηθὴσαντες.
853 3608 894 3618 -
917 3576 1101 3638 Abreschius
1123 3575 1161 3635 ad
1182 3575 1288 3653 Agam.
1305 3577 1365 3637 736

248 3681 331 3742 recte
354 3677 492 3738 adnotat:
524 3678 620 3753 „Quid
645 3680 726 3740 aliud
749 3664 931 3758 ἐπιχαίρειν
953 3698 1042 3757 quam
1062 3672 1192 3758 χαίρειν
1214 3661 1299 3738 tarr
1324 3708 1367 3718 -

334 3841 356 3909 ¹)
374 3833 591 3911 ἐπανθορόντες
605 3841 653 3906 M„
671 3847 809 3910 corrupte,
826 3841 903 3911 quod
920 3836 1106 3913 ἅναβροίσκω
1125 3840 1235 3896 minime
1248 3840 1368 3910 quadrat

247 3924 283 3978 ad
300 3926 412 3979 navium
431 3929 560 3993 transtra,
578 3924 607 3978 in
626 3924 731 3993 quibus
749 3924 868 3993 remiges
886 3924 1044 3979 considunt

332 4011 355 4075 2)
372 4009 533 4065 Dindordus
550 4008 604 4064 lex.
622 4005 728 4065 Aesch.
746 4024 769 4065 s.
787 4024 814 4065 v.
833 4010 914 4064 metri
932 4023 1018 4063 causa
1034 4025 1085 4079 pro
1103 4009 1164 4064 cod.
1183 4001 1320 4081 κάπιβόα.

331 4096 355 4162 ⁸)
373 4092 409 4149 cl.
427 4093 527 4151 Koclrli
545 4093 753 4151 adnotationem
770 4093 807 4150 ad
824 4094 850 4150 h.
869 4096 886 4149 Ι.
910 4123 912 4127 -

332 4178 353 4249 ⁴)
372 4175 576 4234 Valckenarius
594 4176 630 4233 ad
648 4174 776 4236 Ammon.
790 4182 836 4248 2‚1
857 4176 930 4234 idem
948 4179 1044 4235 sentit.
