<?xml version="1.0" encoding="UTF-8"?>
<!DOCTYPE html PUBLIC "-//W3C//DTD XHTML 1.0 Transitional//EN"
    "http://www.w3.org/TR/xhtml1/DTD/xhtml1-transitional.dtd">
<html xmlns="http://www.w3.org/1999/xhtml" xml:lang="en" lang="en">
 <head>
  <title>
</title>
<meta http-equiv="Content-Type" content="text/html;charset=utf-8" />
  <meta name='ocr-system' content='tesseract 3.04.00' />
  <meta name='ocr-capabilities' content='ocr_page ocr_carea ocr_par ocr_line ocrx_word'/>
</head>
<body>
  <div class='ocr_page' id='page_1' title='image "./quaestionesaesc00lessgoog_0048.png"; bbox 0 0 3186 4810; ppageno 0'>
   <div class='ocr_carea' id='block_1_1' title="bbox 1326 210 1366 271">
    <p class='ocr_par' dir='ltr' id='par_1_1' title="bbox 1326 210 1366 271">
     <span class='ocr_line' id='line_1_1' title="bbox 1326 210 1366 271; baseline 0.05 -2"><span class='ocrx_word' id='word_1_1' title='bbox 1326 210 1366 271; x_wconf 81' lang='grc'><strong>39</strong></span> 
     </span>
    </p>
   </div>
   <div class='ocr_carea' id='block_1_2' title="bbox 243 378 1454 1525">
    <p class='ocr_par' dir='ltr' id='par_1_2' title="bbox 244 378 1368 560">
     <span class='ocr_line' id='line_1_2' title="bbox 329 378 1368 457; baseline -0.003 -18"><span class='ocrx_word' id='word_1_2' title='bbox 329 379 516 457; x_wconf 85' lang='lat' dir='ltr'><strong>Praepositio</strong></span> <span class='ocrx_word' id='word_1_3' title='bbox 545 397 771 457; x_wconf 80' lang='lat' dir='ltr'><strong>supervacanea</strong></span> <span class='ocrx_word' id='word_1_4' title='bbox 800 378 920 440; x_wconf 89' lang='lat' dir='ltr'><strong>videtur</strong></span> <span class='ocrx_word' id='word_1_5' title='bbox 949 397 1014 440; x_wconf 89' lang='lat' dir='ltr'><strong>esse</strong></span> <span class='ocrx_word' id='word_1_6' title='bbox 1044 382 1073 438; x_wconf 90' lang='lat' dir='ltr'><strong>in</strong></span> <span class='ocrx_word' id='word_1_7' title='bbox 1096 379 1190 439; x_wconf 84' lang='lat' dir='ltr'><strong>verbo</strong></span> <span class='ocrx_word' id='word_1_8' title='bbox 1219 394 1368 457; x_wconf 83' lang='grc' dir='ltr'><strong><em>παραχ-</em></strong></span> 
     </span>
     <span class='ocr_line' id='line_1_3' title="bbox 244 476 1238 560; baseline 0 -18"><span class='ocrx_word' id='word_1_9' title='bbox 244 476 381 560; x_wconf 87' lang='grc' dir='ltr'><strong><em>γέλλοο.</em></strong></span> <span class='ocrx_word' id='word_1_10' title='bbox 424 483 501 544; x_wconf 87' lang='lat' dir='ltr'><strong>Nam</strong></span> <span class='ocrx_word' id='word_1_11' title='bbox 525 483 599 543; x_wconf 83' lang='lat' dir='ltr'><strong>haee</strong></span> <span class='ocrx_word' id='word_1_12' title='bbox 621 483 666 543; x_wconf 90' lang='lat' dir='ltr'><strong>vis</strong></span> <span class='ocrx_word' id='word_1_13' title='bbox 688 484 719 543; x_wconf 88' lang='lat' dir='ltr'><strong>in</strong></span> <span class='ocrx_word' id='word_1_14' title='bbox 742 483 808 559; x_wconf 84' lang='lat' dir='ltr'><strong>ipsa</strong></span> <span class='ocrx_word' id='word_1_15' title='bbox 830 483 951 544; x_wconf 89' lang='lat' dir='ltr'><strong>notione</strong></span> <span class='ocrx_word' id='word_1_16' title='bbox 973 482 1132 544; x_wconf 89' lang='lat' dir='ltr'><strong>nuntiandi</strong></span> <span class='ocrx_word' id='word_1_17' title='bbox 1152 481 1238 542; x_wconf 85' lang='lat' dir='ltr'><strong>inest</strong></span> 
     </span>
    </p>

    <p class='ocr_par' dir='ltr' id='par_1_3' title="bbox 244 583 1367 747">
     <span class='ocr_line' id='line_1_4' title="bbox 329 583 1367 663; baseline -0.001 -19"><span class='ocrx_word' id='word_1_18' title='bbox 329 585 367 645; x_wconf 87' lang='lat'><strong>11.</strong></span> <span class='ocrx_word' id='word_1_19' title='bbox 399 584 622 663; x_wconf 75' lang='lat' dir='ltr'><strong>praepositione</strong></span> <span class='ocrx_word' id='word_1_20' title='bbox 648 583 762 663; x_wconf 88' lang='lat' dir='ltr'><strong>aliquid</strong></span> <span class='ocrx_word' id='word_1_21' title='bbox 796 584 1008 647; x_wconf 91' lang='lat' dir='ltr'><strong>removendum</strong></span> <span class='ocrx_word' id='word_1_22' title='bbox 1039 602 1105 644; x_wconf 87' lang='lat' dir='ltr'><strong>esse</strong></span> <span class='ocrx_word' id='word_1_23' title='bbox 1136 585 1173 644; x_wconf 89' lang='lat' dir='ltr'><strong>ab</strong></span> <span class='ocrx_word' id='word_1_24' title='bbox 1203 583 1305 661; x_wconf 86' lang='lat' dir='ltr'><strong>aliqua</strong></span> <span class='ocrx_word' id='word_1_25' title='bbox 1335 603 1367 644; x_wconf 90' lang='lat' dir='ltr'><strong>re</strong></span> 
     </span>
     <span class='ocr_line' id='line_1_5' title="bbox 244 685 403 747; baseline 0 -2"><span class='ocrx_word' id='word_1_26' title='bbox 244 685 403 747; x_wconf 79' lang='lat' dir='ltr'><strong>indicatur:</strong></span> 
     </span>
    </p>

    <p class='ocr_par' dir='ltr' id='par_1_4' title="bbox 244 790 1367 986">
     <span class='ocr_line' id='line_1_6' title="bbox 328 790 1367 886; baseline -0.004 -20"><span class='ocrx_word' id='word_1_27' title='bbox 328 798 588 886; x_wconf 78' lang='grc' dir='ltr'><strong><em>παραθέλχω*</em></strong></span> <span class='ocrx_word' id='word_1_28' title='bbox 608 805 774 884; x_wconf 79' lang='lat' dir='ltr'><strong>demulceo,</strong></span> <span class='ocrx_word' id='word_1_29' title='bbox 797 806 902 884; x_wconf 81' lang='lat' dir='ltr'><strong>Agam.</strong></span> <span class='ocrx_word' id='word_1_30' title='bbox 919 810 971 867; x_wconf 79' lang='lat'><strong>71:</strong></span> <span class='ocrx_word' id='word_1_31' title='bbox 995 790 1094 884; x_wconf 84' lang='grc' dir='ltr'><strong><em>άρχάς</em></strong></span> <span class='ocrx_word' id='word_1_32' title='bbox 1117 792 1243 876; x_wconf 78' lang='grc' dir='ltr'><em>ἀτενεῖς</em></span> <span class='ocrx_word' id='word_1_33' title='bbox 1264 820 1367 884; x_wconf 91' lang='grc' dir='ltr'><strong><em>παρα-</em></strong></span> 
     </span>
     <span class='ocr_line' id='line_1_7' title="bbox 244 902 1075 986; baseline 0 -18"><span class='ocrx_word' id='word_1_34' title='bbox 244 902 384 986; x_wconf 78' lang='grc' dir='ltr'><strong><em>θέλχεις.</em></strong></span> <span class='ocrx_word' id='word_1_35' title='bbox 428 907 559 986; x_wconf 83' lang='lat' dir='ltr'><strong>Simplex</strong></span> <span class='ocrx_word' id='word_1_36' title='bbox 581 909 657 970; x_wconf 89' lang='lat' dir='ltr'><strong>idem</strong></span> <span class='ocrx_word' id='word_1_37' title='bbox 681 914 787 971; x_wconf 86' lang='lat' dir='ltr'><strong>notare</strong></span> <span class='ocrx_word' id='word_1_38' title='bbox 810 908 998 970; x_wconf 86' lang='lat' dir='ltr'><strong>manifestum</strong></span> <span class='ocrx_word' id='word_1_39' title='bbox 1021 912 1075 968; x_wconf 90' lang='lat' dir='ltr'><strong>est.</strong></span> 
     </span>
    </p>

    <p class='ocr_par' dir='ltr' id='par_1_5' title="bbox 243 1022 1454 1525">
     <span class='ocr_line' id='line_1_8' title="bbox 329 1022 1454 1107; baseline -0.002 -20"><span class='ocrx_word' id='word_1_40' title='bbox 329 1023 629 1107; x_wconf 74' lang='lat' dir='ltr'><strong>napoarodpoa¹i</strong></span> <span class='ocrx_word' id='word_1_41' title='bbox 652 1028 806 1106; x_wconf 83' lang='lat' dir='ltr'><strong>deprecor,</strong></span> <span class='ocrx_word' id='word_1_42' title='bbox 836 1028 938 1106; x_wconf 84' lang='lat' dir='ltr'><strong>Suppl.</strong></span> <span class='ocrx_word' id='word_1_43' title='bbox 961 1031 1035 1091; x_wconf 83' lang='lat'>530:</span> <span class='ocrx_word' id='word_1_44' title='bbox 1065 1025 1172 1099; x_wconf 80' lang='grc' dir='ltr'><strong><em>λιταῖς</em></strong></span> <span class='ocrx_word' id='word_1_45' title='bbox 1192 1022 1365 1106; x_wconf 82' lang='grc' dir='ltr'><strong><em>παραιτοῦ</em></strong></span> <span class='ocrx_word' id='word_1_46' title='bbox 1450 1055 1454 1061; x_wconf 91' lang='grc'><strong><em>·</em></strong></span> 
     </span>
     <span class='ocr_line' id='line_1_9' title="bbox 243 1113 1368 1211; baseline -0.002 -22"><span class='ocrx_word' id='word_1_47' title='bbox 243 1126 316 1189; x_wconf 80' lang='grc' dir='ltr'><strong>τῶν</strong></span> <span class='ocrx_word' id='word_1_48' title='bbox 331 1113 361 1189; x_wconf 82' lang='lat' dir='ltr'><strong>o&#39;</strong></span> <span class='ocrx_word' id='word_1_49' title='bbox 377 1121 460 1209; x_wconf 81' lang='grc' dir='ltr'><strong><em>έροις</em></strong></span> <span class='ocrx_word' id='word_1_50' title='bbox 482 1122 546 1208; x_wconf 85' lang='grc' dir='ltr'><strong><em>έχει</em></strong></span> <span class='ocrx_word' id='word_1_51' title='bbox 568 1136 689 1208; x_wconf 81' lang='grc' dir='ltr'><strong><em>τυχεῖν,</em></strong></span> <span class='ocrx_word' id='word_1_52' title='bbox 713 1136 743 1191; x_wconf 93' lang='lat' dir='ltr'><strong>et</strong></span> <span class='ocrx_word' id='word_1_53' title='bbox 758 1131 831 1191; x_wconf 79' lang='lat' dir='ltr'><strong>Cho.</strong></span> <span class='ocrx_word' id='word_1_54' title='bbox 849 1134 926 1191; x_wconf 76' lang='lat'><strong>779:</strong></span> <span class='ocrx_word' id='word_1_55' title='bbox 948 1127 1014 1190; x_wconf 83' lang='grc' dir='ltr'><strong>νῦν</strong></span> <span class='ocrx_word' id='word_1_56' title='bbox 1033 1122 1288 1211; x_wconf 77' lang='grc' dir='ltr'><strong><em>παραιτουμένᾳ</em></strong></span> <span class='ocrx_word' id='word_1_57' title='bbox 1309 1145 1368 1206; x_wconf 88' lang='grc' dir='ltr'><strong>μοι</strong></span> 
     </span>
     <span class='ocr_line' id='line_1_10' title="bbox 245 1217 1368 1314; baseline 0 -22"><span class='ocrx_word' id='word_1_58' title='bbox 245 1222 302 1304; x_wconf 79' lang='grc' dir='ltr'><strong>δὸς</strong></span> <span class='ocrx_word' id='word_1_59' title='bbox 329 1222 446 1311; x_wconf 84' lang='grc' dir='ltr'><strong><em>τύχας,</em></strong></span> <span class='ocrx_word' id='word_1_60' title='bbox 480 1234 517 1294; x_wconf 83' lang='lat' dir='ltr'><strong>of.</strong></span> <span class='ocrx_word' id='word_1_61' title='bbox 545 1235 638 1295; x_wconf 84' lang='lat' dir='ltr'><strong>sohol.</strong></span> <span class='ocrx_word' id='word_1_62' title='bbox 666 1225 847 1308; x_wconf 80' lang='grc' dir='ltr'><strong><em>πλεονάζει</em></strong></span> <span class='ocrx_word' id='word_1_63' title='bbox 876 1217 896 1312; x_wconf 82' lang='grc' dir='ltr'><em>ἡ</em></span> <span class='ocrx_word' id='word_1_64' title='bbox 928 1223 1021 1312; x_wconf 91' lang='grc' dir='ltr'><strong><em>παρά</em></strong></span> <span class='ocrx_word' id='word_1_65' title='bbox 1049 1221 1069 1314; x_wconf 83' lang='grc' dir='ltr'>ἢ</span> <span class='ocrx_word' id='word_1_66' title='bbox 1099 1232 1154 1307; x_wconf 86' lang='lat' dir='ltr'><strong>(sio</strong></span> <span class='ocrx_word' id='word_1_67' title='bbox 1182 1230 1368 1305; x_wconf 81' lang='lat' dir='ltr'><strong>Dindorfius)</strong></span> 
     </span>
     <span class='ocr_line' id='line_1_11' title="bbox 243 1325 1366 1416; baseline 0 -22"><span class='ocrx_word' id='word_1_68' title='bbox 243 1325 336 1415; x_wconf 88' lang='grc' dir='ltr'><strong><em>παρά</em></strong></span> <span class='ocrx_word' id='word_1_69' title='bbox 357 1349 418 1395; x_wconf 88' lang='grc' dir='ltr'><strong>σου</strong></span> <span class='ocrx_word' id='word_1_70' title='bbox 440 1328 630 1416; x_wconf 80' lang='grc' dir='ltr'><strong><em>αἰτουμένη.</em></strong></span> <span class='ocrx_word' id='word_1_71' title='bbox 677 1337 815 1399; x_wconf 80' lang='lat' dir='ltr'><strong>Ceterum</strong></span> <span class='ocrx_word' id='word_1_72' title='bbox 839 1336 887 1396; x_wconf 88' lang='lat' dir='ltr'><strong>hio</strong></span> <span class='ocrx_word' id='word_1_73' title='bbox 910 1355 981 1397; x_wconf 87' lang='lat' dir='ltr'><strong>usus</strong></span> <span class='ocrx_word' id='word_1_74' title='bbox 1005 1337 1161 1414; x_wconf 77' lang='lat' dir='ltr'><strong>compositi</strong></span> <span class='ocrx_word' id='word_1_75' title='bbox 1178 1354 1366 1413; x_wconf 86' lang='lat' dir='ltr'><strong>nequaqnam</strong></span> 
     </span>
     <span class='ocr_line' id='line_1_12' title="bbox 243 1437 1156 1525; baseline 0.001 -27"><span class='ocrx_word' id='word_1_76' title='bbox 243 1437 403 1500; x_wconf 86' lang='lat' dir='ltr'><strong>inusitatus</strong></span> <span class='ocrx_word' id='word_1_77' title='bbox 427 1444 479 1514; x_wconf 91' lang='lat' dir='ltr'><strong>est,</strong></span> <span class='ocrx_word' id='word_1_78' title='bbox 502 1440 555 1499; x_wconf 91' lang='lat' dir='ltr'><strong>sed</strong></span> <span class='ocrx_word' id='word_1_79' title='bbox 579 1438 660 1517; x_wconf 85' lang='lat' dir='ltr'><strong>apud</strong></span> <span class='ocrx_word' id='word_1_80' title='bbox 684 1457 787 1500; x_wconf 92' lang='lat' dir='ltr'><strong>omnes</strong></span> <span class='ocrx_word' id='word_1_81' title='bbox 809 1439 972 1525; x_wconf 80' lang='lat' dir='ltr'><strong>scriptores</strong></span> <span class='ocrx_word' id='word_1_82' title='bbox 995 1440 1156 1501; x_wconf 88' lang='lat' dir='ltr'><strong>invenitur.</strong></span> 
     </span>
    </p>
   </div>
   <div class='ocr_carea' id='block_1_3' title="bbox 243 1546 1368 2287">
    <p class='ocr_par' dir='ltr' id='par_1_6' title="bbox 245 1546 1368 1739">
     <span class='ocr_line' id='line_1_13' title="bbox 329 1546 1368 1638; baseline -0.001 -21"><span class='ocrx_word' id='word_1_83' title='bbox 329 1558 383 1618; x_wconf 89' lang='lat' dir='ltr'><strong>lIl.</strong></span> <span class='ocrx_word' id='word_1_84' title='bbox 419 1559 603 1636; x_wconf 80' lang='lat' dir='ltr'><strong>praepositio</strong></span> <span class='ocrx_word' id='word_1_85' title='bbox 625 1546 718 1638; x_wconf 89' lang='grc' dir='ltr'><strong><em>παρά</em></strong></span> <span class='ocrx_word' id='word_1_86' title='bbox 744 1557 823 1619; x_wconf 87' lang='lat' dir='ltr'><strong>idem</strong></span> <span class='ocrx_word' id='word_1_87' title='bbox 846 1558 929 1619; x_wconf 86' lang='lat' dir='ltr'><strong>valet</strong></span> <span class='ocrx_word' id='word_1_88' title='bbox 951 1563 1041 1636; x_wconf 90' lang='lat' dir='ltr'><strong>atque</strong></span> <span class='ocrx_word' id='word_1_89' title='bbox 1072 1560 1102 1619; x_wconf 91' lang='lat' dir='ltr'><strong>in</strong></span> <span class='ocrx_word' id='word_1_90' title='bbox 1129 1557 1230 1619; x_wconf 89' lang='lat' dir='ltr'><strong>verbis</strong></span> <span class='ocrx_word' id='word_1_91' title='bbox 1253 1557 1368 1618; x_wconf 88' lang='lat' dir='ltr'><strong>Latinis</strong></span> 
     </span>
     <span class='ocr_line' id='line_1_14' title="bbox 245 1661 775 1739; baseline 0.002 -19"><span class='ocrx_word' id='word_1_92' title='bbox 245 1661 417 1738; x_wconf 90' lang='lat' dir='ltr'><strong>oompositis</strong></span> <span class='ocrx_word' id='word_1_93' title='bbox 439 1662 622 1739; x_wconf 74' lang='lat' dir='ltr'><strong>praepositio</strong></span> <span class='ocrx_word' id='word_1_94' title='bbox 645 1665 775 1739; x_wconf 89' lang='lat' dir='ltr'><strong>praeter.</strong></span> 
     </span>
    </p>

    <p class='ocr_par' dir='ltr' id='par_1_7' title="bbox 243 1773 1368 1962">
     <span class='ocr_line' id='line_1_15' title="bbox 329 1773 1368 1859; baseline -0.001 -20"><span class='ocrx_word' id='word_1_95' title='bbox 329 1774 569 1859; x_wconf 78' lang='grc' dir='ltr'><strong><em>παροίχομαι</em></strong></span> <span class='ocrx_word' id='word_1_96' title='bbox 600 1784 771 1858; x_wconf 88' lang='lat' dir='ltr'><strong>praetereo,</strong></span> <span class='ocrx_word' id='word_1_97' title='bbox 802 1797 905 1858; x_wconf 89' lang='lat' dir='ltr'><strong>pereo,</strong></span> <span class='ocrx_word' id='word_1_98' title='bbox 934 1780 1039 1857; x_wconf 86' lang='lat' dir='ltr'><strong>Agam.</strong></span> <span class='ocrx_word' id='word_1_99' title='bbox 1063 1782 1140 1840; x_wconf 81' lang='lat'><strong>572:</strong></span> <span class='ocrx_word' id='word_1_100' title='bbox 1172 1773 1368 1859; x_wconf 82' lang='grc' dir='ltr'><strong><em>παροίχεται</em></strong></span> 
     </span>
     <span class='ocr_line' id='line_1_16' title="bbox 243 1870 1366 1962; baseline 0 -22"><span class='ocrx_word' id='word_1_101' title='bbox 243 1870 364 1955; x_wconf 83' lang='grc' dir='ltr'><strong><em>πόνος,</em></strong></span> <span class='ocrx_word' id='word_1_102' title='bbox 386 1876 582 1961; x_wconf 84' lang='grc' dir='ltr'><strong><em>παροίχεται</em></strong></span> <span class='ocrx_word' id='word_1_103' title='bbox 604 1876 640 1942; x_wconf 79' lang='grc' dir='ltr'><strong>δὲ</strong></span> <span class='ocrx_word' id='word_1_104' title='bbox 661 1889 749 1942; x_wconf 81' lang='grc' dir='ltr'><strong><em>τοῖσι</em></strong></span> <span class='ocrx_word' id='word_1_105' title='bbox 771 1875 832 1960; x_wconf 72' lang='grc' dir='ltr'><strong>μὲν</strong></span> <span class='ocrx_word' id='word_1_106' title='bbox 854 1871 1057 1962; x_wconf 77' lang='grc' dir='ltr'><strong><em>τεθνηκόσιν</em></strong></span> <span class='ocrx_word' id='word_1_107' title='bbox 1080 1873 1119 1940; x_wconf 85' lang='grc' dir='ltr'>τό</span> <span class='ocrx_word' id='word_1_108' title='bbox 1142 1925 1221 1945; x_wconf 92' lang='grc'><strong>....</strong></span> <span class='ocrx_word' id='word_1_109' title='bbox 1244 1875 1366 1960; x_wconf 80' lang='grc' dir='ltr'><strong><em>μέλειν.</em></strong></span> 
     </span>
    </p>

    <p class='ocr_par' dir='ltr' id='par_1_8' title="bbox 243 1987 1368 2287">
     <span class='ocr_line' id='line_1_17' title="bbox 328 1987 1367 2082; baseline -0.002 -21"><span class='ocrx_word' id='word_1_110' title='bbox 328 1999 431 2079; x_wconf 85' lang='lat' dir='ltr'><strong>Suppl.</strong></span> <span class='ocrx_word' id='word_1_111' title='bbox 456 2006 532 2064; x_wconf 79' lang='lat'>744:</span> <span class='ocrx_word' id='word_1_112' title='bbox 561 1990 749 2080; x_wconf 80' lang='grc' dir='ltr'><strong><em>περίφοβόν</em></strong></span> <span class='ocrx_word' id='word_1_113' title='bbox 770 1987 804 2079; x_wconf 77' lang='grc' dir='ltr'><strong>μ’</strong></span> <span class='ocrx_word' id='word_1_114' title='bbox 827 1991 891 2081; x_wconf 87' lang='grc' dir='ltr'><strong><em>έχει</em></strong></span> <span class='ocrx_word' id='word_1_115' title='bbox 913 1990 1036 2080; x_wconf 83' lang='grc' dir='ltr'><strong><em>τάρβος</em></strong></span> <span class='ocrx_word' id='word_1_116' title='bbox 1065 1990 1234 2082; x_wconf 80' lang='grc' dir='ltr'><strong><em>ἐτητύμως</em></strong></span> <span class='ocrx_word' id='word_1_117' title='bbox 1262 1998 1367 2059; x_wconf 87' lang='grc' dir='ltr'><strong><em>πολο-</em></strong></span> 
     </span>
     <span class='ocr_line' id='line_1_18' title="bbox 244 2090 1366 2184; baseline -0.001 -22"><span class='ocrx_word' id='word_1_118' title='bbox 244 2092 372 2182; x_wconf 77' lang='grc' dir='ltr'><strong><em>δρόμον</em></strong></span> <span class='ocrx_word' id='word_1_119' title='bbox 394 2100 502 2182; x_wconf 81' lang='grc' dir='ltr'><strong><em>φυγάς</em></strong></span> <span class='ocrx_word' id='word_1_120' title='bbox 525 2090 648 2179; x_wconf 81' lang='grc' dir='ltr'><strong><em>ὄφελος</em></strong></span> <span class='ocrx_word' id='word_1_121' title='bbox 670 2095 699 2162; x_wconf 80' lang='grc' dir='ltr'><strong><em>εἲ</em></strong></span> <span class='ocrx_word' id='word_1_122' title='bbox 719 2098 751 2161; x_wconf 87' lang='grc' dir='ltr'><strong>τί</strong></span> <span class='ocrx_word' id='word_1_123' title='bbox 765 2119 832 2182; x_wconf 87' lang='grc' dir='ltr'><strong><em>μοι.</em></strong></span> <span class='ocrx_word' id='word_1_124' title='bbox 855 2097 1067 2182; x_wconf 82' lang='grc' dir='ltr'><strong><em>παροίχομαι,</em></strong></span> <span class='ocrx_word' id='word_1_125' title='bbox 1088 2092 1205 2184; x_wconf 84' lang='grc' dir='ltr'><strong><em>πάτερ,</em></strong></span> <span class='ocrx_word' id='word_1_126' title='bbox 1227 2096 1366 2182; x_wconf 77' lang='grc' dir='ltr'><strong><em>δείματι.</em></strong></span> 
     </span>
     <span class='ocr_line' id='line_1_19' title="bbox 243 2189 1368 2287; baseline -0.002 -20"><span class='ocrx_word' id='word_1_127' title='bbox 243 2204 340 2267; x_wconf 83' lang='lat' dir='ltr'><strong>Sohol.</strong></span> <span class='ocrx_word' id='word_1_128' title='bbox 373 2205 511 2266; x_wconf 86' lang='lat' dir='ltr'><strong>adnotat:</strong></span> <span class='ocrx_word' id='word_1_129' title='bbox 550 2189 633 2265; x_wconf 80' lang='grc' dir='ltr'><strong><em>ὅσον</em></strong></span> <span class='ocrx_word' id='word_1_130' title='bbox 664 2222 722 2283; x_wconf 90' lang='grc' dir='ltr'><strong>μοι</strong></span> <span class='ocrx_word' id='word_1_131' title='bbox 752 2199 960 2285; x_wconf 84' lang='grc' dir='ltr'><strong><em>προχέχονεν</em></strong></span> <span class='ocrx_word' id='word_1_132' title='bbox 992 2192 1114 2282; x_wconf 82' lang='grc' dir='ltr'><strong><em>ὄφελος</em></strong></span> <span class='ocrx_word' id='word_1_133' title='bbox 1144 2197 1198 2266; x_wconf 81' lang='grc' dir='ltr'><strong>διὰ</strong></span> <span class='ocrx_word' id='word_1_134' title='bbox 1228 2202 1287 2287; x_wconf 81' lang='grc' dir='ltr'><strong>τῆς</strong></span> <span class='ocrx_word' id='word_1_135' title='bbox 1317 2198 1368 2265; x_wconf 79' lang='grc' dir='ltr'><strong>ἐν·</strong></span> 
     </span>
    </p>
   </div>
   <div class='ocr_carea' id='block_1_4' title="bbox 242 2293 1369 3653">
    <p class='ocr_par' dir='ltr' id='par_1_9' title="bbox 242 2293 1369 3002">
     <span class='ocr_line' id='line_1_20' title="bbox 244 2293 1369 2390; baseline 0.003 -25"><span class='ocrx_word' id='word_1_136' title='bbox 244 2293 330 2367; x_wconf 70' lang='lat' dir='ltr'><strong>dode</strong></span> <span class='ocrx_word' id='word_1_137' title='bbox 352 2304 460 2390; x_wconf 82' lang='grc' dir='ltr'><strong><em>φυχῆς</em></strong></span> <span class='ocrx_word' id='word_1_138' title='bbox 488 2304 539 2388; x_wconf 77' lang='grc' dir='ltr'><strong>τῷ</strong></span> <span class='ocrx_word' id='word_1_139' title='bbox 563 2302 690 2387; x_wconf 83' lang='grc' dir='ltr'><strong><em>δείματι</em></strong></span> <span class='ocrx_word' id='word_1_140' title='bbox 721 2305 784 2369; x_wconf 81' lang='grc' dir='ltr'><strong>νύν</strong></span> <span class='ocrx_word' id='word_1_141' title='bbox 814 2303 1018 2387; x_wconf 88' lang='grc' dir='ltr'><strong><em>παροίχεται.</em></strong></span> <span class='ocrx_word' id='word_1_142' title='bbox 1062 2311 1157 2387; x_wconf 80' lang='lat' dir='ltr'><strong>Igitur</strong></span> <span class='ocrx_word' id='word_1_143' title='bbox 1186 2310 1270 2390; x_wconf 87' lang='lat' dir='ltr'><strong>ponit</strong></span> <span class='ocrx_word' id='word_1_144' title='bbox 1302 2313 1369 2387; x_wconf 85' lang='lat' dir='ltr'><strong>post</strong></span> 
     </span>
     <span class='ocr_line' id='line_1_21' title="bbox 245 2403 1369 2492; baseline 0.003 -23"><span class='ocrx_word' id='word_1_145' title='bbox 245 2403 275 2469; x_wconf 85' lang='grc' dir='ltr'><strong><em>εί</em></strong></span> <span class='ocrx_word' id='word_1_146' title='bbox 296 2405 329 2469; x_wconf 89' lang='grc' dir='ltr'><strong>τί</strong></span> <span class='ocrx_word' id='word_1_147' title='bbox 349 2427 407 2489; x_wconf 88' lang='grc' dir='ltr'><strong>μοι</strong></span> <span class='ocrx_word' id='word_1_148' title='bbox 439 2430 552 2472; x_wconf 88' lang='lat' dir='ltr'><strong>oomma</strong></span> <span class='ocrx_word' id='word_1_149' title='bbox 582 2417 612 2473; x_wconf 89' lang='lat' dir='ltr'><strong>et</strong></span> <span class='ocrx_word' id='word_1_150' title='bbox 640 2413 856 2491; x_wconf 89' lang='lat' dir='ltr'><strong>interpretatur</strong></span> <span class='ocrx_word' id='word_1_151' title='bbox 885 2409 949 2472; x_wconf 81' lang='grc' dir='ltr'><strong>νῦν</strong></span> <span class='ocrx_word' id='word_1_152' title='bbox 971 2408 1165 2492; x_wconf 88' lang='grc' dir='ltr'><strong><em>παροίχεται</em></strong></span> <span class='ocrx_word' id='word_1_153' title='bbox 1200 2430 1299 2487; x_wconf 86' lang='lat' dir='ltr'><strong>,nuno</strong></span> <span class='ocrx_word' id='word_1_154' title='bbox 1323 2430 1369 2472; x_wconf 93' lang='lat' dir='ltr'><strong>me</strong></span> 
     </span>
     <span class='ocr_line' id='line_1_22' title="bbox 243 2509 1368 2595; baseline 0.001 -23"><span class='ocrx_word' id='word_1_155' title='bbox 243 2512 337 2591; x_wconf 82' lang='lat' dir='ltr'><strong>fugit,</strong></span> <span class='ocrx_word' id='word_1_156' title='bbox 369 2514 549 2591; x_wconf 85' lang='lat' dir='ltr'><strong>praeterit“,</strong></span> <span class='ocrx_word' id='word_1_157' title='bbox 583 2516 686 2593; x_wconf 87' lang='lat' dir='ltr'><strong>itaque</strong></span> <span class='ocrx_word' id='word_1_158' title='bbox 716 2509 912 2595; x_wconf 89' lang='grc' dir='ltr'><strong><em>παροίχεται</em></strong></span> <span class='ocrx_word' id='word_1_159' title='bbox 944 2514 1064 2576; x_wconf 87' lang='lat' dir='ltr'><strong>videtur</strong></span> <span class='ocrx_word' id='word_1_160' title='bbox 1097 2517 1206 2593; x_wconf 80' lang='lat' dir='ltr'><strong>legisse</strong></span> <span class='ocrx_word' id='word_1_161' title='bbox 1238 2520 1269 2574; x_wconf 91' lang='lat' dir='ltr'><strong>et</strong></span> <span class='ocrx_word' id='word_1_162' title='bbox 1301 2532 1368 2574; x_wconf 86' lang='lat' dir='ltr'><strong>onm</strong></span> 
     </span>
     <span class='ocr_line' id='line_1_23' title="bbox 242 2603 1367 2696; baseline 0.001 -22"><span class='ocrx_word' id='word_1_163' title='bbox 242 2603 367 2691; x_wconf 80' lang='grc' dir='ltr'><strong><em>ὄφελος</em></strong></span> <span class='ocrx_word' id='word_1_164' title='bbox 390 2609 420 2676; x_wconf 82' lang='grc' dir='ltr'><strong><em>εί</em></strong></span> <span class='ocrx_word' id='word_1_165' title='bbox 441 2611 474 2675; x_wconf 89' lang='grc' dir='ltr'><strong>τί</strong></span> <span class='ocrx_word' id='word_1_166' title='bbox 494 2634 553 2696; x_wconf 92' lang='grc' dir='ltr'><strong>μοι</strong></span> <span class='ocrx_word' id='word_1_167' title='bbox 584 2619 783 2696; x_wconf 78' lang='lat' dir='ltr'><strong>coniunxisse,</strong></span> <span class='ocrx_word' id='word_1_168' title='bbox 805 2618 885 2695; x_wconf 90' lang='lat' dir='ltr'><strong>quod</strong></span> <span class='ocrx_word' id='word_1_169' title='bbox 908 2618 1048 2695; x_wconf 88' lang='lat' dir='ltr'><strong>probavit</strong></span> <span class='ocrx_word' id='word_1_170' title='bbox 1070 2614 1264 2689; x_wconf 77' lang='lat' dir='ltr'><strong>Turnebus.²)</strong></span> <span class='ocrx_word' id='word_1_171' title='bbox 1307 2615 1367 2678; x_wconf 83' lang='lat' dir='ltr'><strong>Sed</strong></span> 
     </span>
     <span class='ocr_line' id='line_1_24' title="bbox 243 2714 1367 2797; baseline 0.001 -20"><span class='ocrx_word' id='word_1_172' title='bbox 243 2719 333 2779; x_wconf 88' lang='lat' dir='ltr'><strong>multo</strong></span> <span class='ocrx_word' id='word_1_173' title='bbox 357 2720 455 2796; x_wconf 88' lang='lat' dir='ltr'><strong>aptius</strong></span> <span class='ocrx_word' id='word_1_174' title='bbox 478 2727 531 2791; x_wconf 83' lang='lat' dir='ltr'><strong>eet,</strong></span> <span class='ocrx_word' id='word_1_175' title='bbox 562 2724 595 2780; x_wconf 92' lang='lat' dir='ltr'><strong>ut</strong></span> <span class='ocrx_word' id='word_1_176' title='bbox 622 2721 749 2781; x_wconf 83' lang='lat' dir='ltr'><strong>lectione</strong></span> <span class='ocrx_word' id='word_1_177' title='bbox 777 2719 889 2797; x_wconf 81' lang='lat' dir='ltr'><strong>codicis</strong></span> <span class='ocrx_word' id='word_1_178' title='bbox 911 2723 1031 2778; x_wconf 84' lang='lat' dir='ltr'><strong>servata</strong></span> <span class='ocrx_word' id='word_1_179' title='bbox 1053 2714 1256 2797; x_wconf 87' lang='grc' dir='ltr'><strong><em>παροίχομαι</em></strong></span> <span class='ocrx_word' id='word_1_180' title='bbox 1278 2737 1367 2779; x_wconf 81' lang='lat' dir='ltr'><strong>sensu</strong></span> 
     </span>
     <span class='ocr_line' id='line_1_25' title="bbox 243 2819 1368 2899; baseline 0.002 -21"><span class='ocrx_word' id='word_1_181' title='bbox 243 2819 390 2896; x_wconf 86' lang='lat' dir='ltr'><strong>pereundi</strong></span> <span class='ocrx_word' id='word_1_182' title='bbox 407 2820 623 2898; x_wconf 84' lang='lat' dir='ltr'><strong>intellegamus,</strong></span> <span class='ocrx_word' id='word_1_183' title='bbox 646 2823 687 2880; x_wconf 91' lang='lat' dir='ltr'><strong>ita</strong></span> <span class='ocrx_word' id='word_1_184' title='bbox 710 2825 825 2881; x_wconf 93' lang='lat' dir='ltr'><strong>utnon</strong></span> <span class='ocrx_word' id='word_1_185' title='bbox 849 2821 972 2881; x_wconf 90' lang='lat' dir='ltr'><strong>multum</strong></span> <span class='ocrx_word' id='word_1_186' title='bbox 991 2821 1110 2881; x_wconf 84' lang='lat' dir='ltr'><strong>differat</strong></span> <span class='ocrx_word' id='word_1_187' title='bbox 1131 2840 1149 2880; x_wconf 91' lang='lat' dir='ltr'><strong>a</strong></span> <span class='ocrx_word' id='word_1_188' title='bbox 1172 2822 1306 2899; x_wconf 87' lang='lat' dir='ltr'><strong>simplioi,</strong></span> <span class='ocrx_word' id='word_1_189' title='bbox 1329 2821 1368 2881; x_wconf 83' lang='lat' dir='ltr'><strong>of.</strong></span> 
     </span>
     <span class='ocr_line' id='line_1_26' title="bbox 243 2913 723 3002; baseline -0.002 -20"><span class='ocrx_word' id='word_1_190' title='bbox 243 2920 348 2999; x_wconf 84' lang='lat' dir='ltr'><strong>Suppl.</strong></span> <span class='ocrx_word' id='word_1_191' title='bbox 365 2922 440 2983; x_wconf 78' lang='lat'><strong>794:</strong></span> <span class='ocrx_word' id='word_1_192' title='bbox 464 2915 594 3000; x_wconf 84' lang='grc' dir='ltr'><strong><em>οίχομαι</em></strong></span> <span class='ocrx_word' id='word_1_193' title='bbox 617 2913 723 3002; x_wconf 85' lang='grc' dir='ltr'><em>φόβῳ.</em></span> 
     </span>
    </p>

    <p class='ocr_par' dir='ltr' id='par_1_10' title="bbox 243 3039 1368 3325">
     <span class='ocr_line' id='line_1_27' title="bbox 328 3039 1366 3119; baseline 0.002 -19"><span class='ocrx_word' id='word_1_194' title='bbox 328 3041 379 3101; x_wconf 89' lang='lat' dir='ltr'><strong>IV.</strong></span> <span class='ocrx_word' id='word_1_195' title='bbox 411 3041 508 3118; x_wconf 84' lang='lat' dir='ltr'><strong>Saepe</strong></span> <span class='ocrx_word' id='word_1_196' title='bbox 538 3039 640 3102; x_wconf 89' lang='lat' dir='ltr'><strong>addita</strong></span> <span class='ocrx_word' id='word_1_197' title='bbox 670 3042 891 3119; x_wconf 88' lang='lat' dir='ltr'><strong>praepositione</strong></span> <span class='ocrx_word' id='word_1_198' title='bbox 923 3041 1060 3119; x_wconf 84' lang='lat' dir='ltr'><strong>eifioitnr,</strong></span> <span class='ocrx_word' id='word_1_199' title='bbox 1089 3047 1123 3103; x_wconf 91' lang='lat' dir='ltr'><strong>ut</strong></span> <span class='ocrx_word' id='word_1_200' title='bbox 1152 3044 1197 3103; x_wconf 87' lang='lat' dir='ltr'><strong>vis</strong></span> <span class='ocrx_word' id='word_1_201' title='bbox 1222 3043 1305 3103; x_wconf 83' lang='lat' dir='ltr'><strong>verbi</strong></span> <span class='ocrx_word' id='word_1_202' title='bbox 1336 3044 1366 3102; x_wconf 93' lang='lat' dir='ltr'><strong>in</strong></span> 
     </span>
     <span class='ocr_line' id='line_1_28' title="bbox 243 3143 1368 3224; baseline 0.003 -21"><span class='ocrx_word' id='word_1_203' title='bbox 243 3143 423 3205; x_wconf 82' lang='lat' dir='ltr'><strong>contrariam</strong></span> <span class='ocrx_word' id='word_1_204' title='bbox 452 3144 604 3204; x_wconf 91' lang='lat' dir='ltr'><strong>notionem</strong></span> <span class='ocrx_word' id='word_1_205' title='bbox 636 3147 828 3205; x_wconf 86' lang='lat' dir='ltr'><strong>eonvertatur</strong></span> <span class='ocrx_word' id='word_1_206' title='bbox 858 3145 905 3205; x_wconf 91' lang='lat' dir='ltr'><strong>vel</strong></span> <span class='ocrx_word' id='word_1_207' title='bbox 934 3146 1024 3205; x_wconf 91' lang='lat' dir='ltr'><strong>utin</strong></span> <span class='ocrx_word' id='word_1_208' title='bbox 1053 3145 1159 3207; x_wconf 84' lang='lat' dir='ltr'><strong>malam</strong></span> <span class='ocrx_word' id='word_1_209' title='bbox 1181 3150 1298 3224; x_wconf 88' lang='lat' dir='ltr'><strong>partem</strong></span> <span class='ocrx_word' id='word_1_210' title='bbox 1320 3163 1368 3206; x_wconf 89' lang='lat' dir='ltr'><strong>ao·</strong></span> 
     </span>
     <span class='ocr_line' id='line_1_29' title="bbox 246 3247 383 3325; baseline -0.007 -17"><span class='ocrx_word' id='word_1_211' title='bbox 246 3247 383 3325; x_wconf 86' lang='lat' dir='ltr'><strong>oipiatur.</strong></span> 
     </span>
    </p>

    <p class='ocr_par' dir='ltr' id='par_1_11' title="bbox 242 3355 1368 3653">
     <span class='ocr_line' id='line_1_30' title="bbox 328 3355 1367 3451; baseline 0.003 -25"><span class='ocrx_word' id='word_1_212' title='bbox 328 3365 542 3448; x_wconf 81' lang='grc' dir='ltr'><strong><em>παραμελῶ</em></strong></span> <span class='ocrx_word' id='word_1_213' title='bbox 557 3369 695 3448; x_wconf 89' lang='lat' dir='ltr'><strong>neglego,</strong></span> <span class='ocrx_word' id='word_1_214' title='bbox 717 3368 798 3446; x_wconf 81' lang='lat' dir='ltr'><strong>Sept.</strong></span> <span class='ocrx_word' id='word_1_215' title='bbox 813 3372 890 3432; x_wconf 81' lang='lat'><strong>689:</strong></span> <span class='ocrx_word' id='word_1_216' title='bbox 913 3365 1007 3441; x_wconf 75' lang='grc' dir='ltr'><strong><em>θεοῖς</em></strong></span> <span class='ocrx_word' id='word_1_217' title='bbox 1019 3362 1081 3449; x_wconf 77' lang='grc' dir='ltr'><strong>μὲν</strong></span> <span class='ocrx_word' id='word_1_218' title='bbox 1094 3355 1157 3451; x_wconf 74' lang='grc' dir='ltr'><strong>ἤδη</strong></span> <span class='ocrx_word' id='word_1_219' title='bbox 1174 3387 1248 3442; x_wconf 81' lang='grc' dir='ltr'><strong><em>ποις</em></strong></span> <span class='ocrx_word' id='word_1_220' title='bbox 1261 3387 1367 3450; x_wconf 88' lang='grc' dir='ltr'><strong><em>παρη-</em></strong></span> 
     </span>
     <span class='ocr_line' id='line_1_31' title="bbox 243 3455 1368 3552; baseline 0.004 -25"><span class='ocrx_word' id='word_1_221' title='bbox 243 3459 415 3550; x_wconf 76' lang='grc' dir='ltr'><strong><em>μελήμεθα</em></strong></span> <span class='ocrx_word' id='word_1_222' title='bbox 441 3474 472 3531; x_wconf 92' lang='lat' dir='ltr'><strong>et</strong></span> <span class='ocrx_word' id='word_1_223' title='bbox 497 3471 583 3531; x_wconf 80' lang='lat' dir='ltr'><strong>lium.</strong></span> <span class='ocrx_word' id='word_1_224' title='bbox 605 3474 682 3533; x_wconf 85' lang='lat'>300:</span> <span class='ocrx_word' id='word_1_225' title='bbox 714 3456 812 3530; x_wconf 92' lang='grc' dir='ltr'><strong><em>ούτοι</em></strong></span> <span class='ocrx_word' id='word_1_226' title='bbox 839 3456 868 3530; x_wconf 87' lang='lat' dir='ltr'><strong>o&#39;</strong></span> <span class='ocrx_word' id='word_1_227' title='bbox 888 3455 1064 3531; x_wconf 67' lang='grc' dir='ltr'><strong><em>Ἀπόλλων</em></strong></span> <span class='ocrx_word' id='word_1_228' title='bbox 1170 3455 1298 3552; x_wconf 76' lang='grc' dir='ltr'><strong><em>ῥύσαιτ’</em></strong></span> <span class='ocrx_word' id='word_1_229' title='bbox 1325 3458 1368 3531; x_wconf 72' lang='lat' dir='ltr'><strong>dv</strong></span> 
     </span>
     <span class='ocr_line' id='line_1_32' title="bbox 242 3554 897 3653; baseline 0.005 -24"><span class='ocrx_word' id='word_1_230' title='bbox 242 3554 328 3631; x_wconf 79' lang='grc' dir='ltr'><strong><em>ὥστε</em></strong></span> <span class='ocrx_word' id='word_1_231' title='bbox 349 3558 394 3652; x_wconf 79' lang='grc' dir='ltr'><strong>μὴ</strong></span> <span class='ocrx_word' id='word_1_232' title='bbox 415 3557 457 3631; x_wconf 91' lang='grc' dir='ltr'><strong>ού</strong></span> <span class='ocrx_word' id='word_1_233' title='bbox 479 3566 755 3653; x_wconf 82' lang='grc' dir='ltr'><strong><em>παρημελημένον</em></strong></span> <span class='ocrx_word' id='word_1_234' title='bbox 778 3564 897 3651; x_wconf 84' lang='grc' dir='ltr'><strong><em>έρρειν.</em></strong></span> 
     </span>
    </p>
   </div>
   <div class='ocr_carea' id='block_1_5' title="bbox 243 3685 1367 3874">
    <p class='ocr_par' dir='ltr' id='par_1_12' title="bbox 243 3685 1367 3874">
     <span class='ocr_line' id='line_1_33' title="bbox 330 3685 1367 3776; baseline 0.005 -26"><span class='ocrx_word' id='word_1_235' title='bbox 330 3687 558 3772; x_wconf 71' lang='grc' dir='ltr'><strong><em>παραπαταῖ</em></strong></span> <span class='ocrx_word' id='word_1_236' title='bbox 591 3691 753 3766; x_wconf 82' lang='lat' dir='ltr'><strong>defraudo,</strong></span> <span class='ocrx_word' id='word_1_237' title='bbox 785 3693 871 3754; x_wconf 80' lang='lat' dir='ltr'><strong>Eum.</strong></span> <span class='ocrx_word' id='word_1_238' title='bbox 895 3698 971 3757; x_wconf 78' lang='lat'><strong>731:</strong></span> <span class='ocrx_word' id='word_1_239' title='bbox 1008 3687 1093 3774; x_wconf 80' lang='grc' dir='ltr'><strong><em>οἴνῳ</em></strong></span> <span class='ocrx_word' id='word_1_240' title='bbox 1125 3685 1367 3776; x_wconf 84' lang='grc' dir='ltr'><strong><em>παρηπάτησας</em></strong></span> 
     </span>
     <span class='ocr_line' id='line_1_34' title="bbox 243 3776 492 3874; baseline 0.004 -21"><span class='ocrx_word' id='word_1_241' title='bbox 243 3776 380 3874; x_wconf 89' lang='grc' dir='ltr'><strong><em>άρχαίας</em></strong></span> <span class='ocrx_word' id='word_1_242' title='bbox 401 3783 492 3866; x_wconf 80' lang='grc' dir='ltr'><strong><em>θεάς.</em></strong></span> 
     </span>
    </p>
   </div>
   <div class='ocr_carea' id='block_1_6' title="bbox 242 4007 1366 4254">
    <p class='ocr_par' dir='ltr' id='par_1_13' title="bbox 242 4007 1366 4254">
     <span class='ocr_line' id='line_1_35' title="bbox 330 4007 718 4077; baseline 0 -14"><span class='ocrx_word' id='word_1_243' title='bbox 330 4011 353 4074; x_wconf 87' lang='lat'><strong>¹)</strong></span> <span class='ocrx_word' id='word_1_244' title='bbox 369 4007 406 4063; x_wconf 84' lang='lat' dir='ltr'><strong>of.</strong></span> <span class='ocrx_word' id='word_1_245' title='bbox 424 4007 552 4077; x_wconf 82' lang='lat' dir='ltr'><strong>Bauium,</strong></span> <span class='ocrx_word' id='word_1_246' title='bbox 570 4010 587 4064; x_wconf 93' lang='lat' dir='ltr'><strong>l.</strong></span> <span class='ocrx_word' id='word_1_247' title='bbox 601 4009 618 4063; x_wconf 90' lang='lat' dir='ltr'><strong>l.</strong></span> <span class='ocrx_word' id='word_1_248' title='bbox 635 4024 663 4077; x_wconf 90' lang='lat' dir='ltr'><strong>p.</strong></span> <span class='ocrx_word' id='word_1_249' title='bbox 676 4013 718 4065; x_wconf 75' lang='lat'><strong>92.</strong></span> 
     </span>
     <span class='ocr_line' id='line_1_36' title="bbox 332 4092 1366 4169; baseline 0.008 -21"><span class='ocrx_word' id='word_1_250' title='bbox 332 4093 355 4164; x_wconf 83' lang='lat'><strong>⁸)</strong></span> <span class='ocrx_word' id='word_1_251' title='bbox 372 4092 491 4149; x_wconf 87' lang='lat' dir='ltr'><strong>Wellius</strong></span> <span class='ocrx_word' id='word_1_252' title='bbox 523 4094 564 4161; x_wconf 88' lang='lat' dir='ltr'><strong>(in</strong></span> <span class='ocrx_word' id='word_1_253' title='bbox 592 4094 684 4165; x_wconf 88' lang='lat' dir='ltr'><strong>priore</strong></span> <span class='ocrx_word' id='word_1_254' title='bbox 711 4094 767 4165; x_wconf 83' lang='lat' dir='ltr'><strong>ed)</strong></span> <span class='ocrx_word' id='word_1_255' title='bbox 796 4092 973 4167; x_wconf 87' lang='grc' dir='ltr'><strong><em>παροίχομαι</em></strong></span> <span class='ocrx_word' id='word_1_256' title='bbox 1000 4096 1200 4168; x_wconf 82' lang='lat' dir='ltr'><strong>interpretetur</strong></span> <span class='ocrx_word' id='word_1_257' title='bbox 1227 4099 1366 4169; x_wconf 84' lang='lat' dir='ltr'><strong>,aberro“.</strong></span> 
     </span>
     <span class='ocr_line' id='line_1_37' title="bbox 242 4176 986 4254; baseline 0 -15"><span class='ocrx_word' id='word_1_258' title='bbox 242 4176 298 4239; x_wconf 74' lang='lat' dir='ltr'><strong>eoo</strong></span> <span class='ocrx_word' id='word_1_259' title='bbox 315 4176 383 4238; x_wconf 80' lang='lat' dir='ltr'><strong>haee</strong></span> <span class='ocrx_word' id='word_1_260' title='bbox 400 4178 477 4237; x_wconf 87' lang='lat' dir='ltr'><strong>notio</strong></span> <span class='ocrx_word' id='word_1_261' title='bbox 494 4177 605 4236; x_wconf 88' lang='lat' dir='ltr'><strong>minimo</strong></span> <span class='ocrx_word' id='word_1_262' title='bbox 623 4179 741 4254; x_wconf 85' lang='lat' dir='ltr'><strong>quadrat</strong></span> <span class='ocrx_word' id='word_1_263' title='bbox 759 4179 796 4235; x_wconf 85' lang='lat' dir='ltr'><strong>ad</strong></span> <span class='ocrx_word' id='word_1_264' title='bbox 814 4181 986 4240; x_wconf 83' lang='lat' dir='ltr'><strong>sententiam.</strong></span> 
     </span>
    </p>
   </div>
   <div class='ocr_carea' id='block_1_7' title="bbox 0 0 1598 4810">
    <p class='ocr_par' dir='ltr' id='par_1_14' title="bbox 0 0 1598 4810">
     <span class='ocr_line' id='line_1_38' title="bbox 0 0 1598 4810; baseline 0 0"><span class='ocrx_word' id='word_1_265' title='bbox 0 0 1598 4810; x_wconf 95' lang='lat' dir='ltr'><strong> </strong></span> 
     </span>
    </p>
   </div>
  </div>
 </body>
</html>
