3196 4792
263 240 303 297 22

184 444 186 447 ψ
264 405 340 465 853:
370 386 466 460 οάτοι
488 384 581 477 φρέν’
605 384 646 466 ἂν
668 390 821 474 κλέψειεν
844 381 1105 478 ὠμματωμένην,
1132 405 1162 458 et
1183 399 1286 476 suppl.
1308 403 1384 461 476:

264 492 454 582 ὠμμάτωσα
481 489 545 580 γάρ
574 494 787 576 σαφέστερον.
831 500 943 561 Oonira
972 502 1165 577 compositum
1196 508 1281 562 notat
1303 520 1384 561 ocu-

264 607 380 667 lorum
412 605 491 665 acie
523 604 675 681 privari,
707 620 786 679 quac
816 603 897 662 notio
929 605 995 662 orta
1024 606 1069 662 est
1099 621 1134 664 ex
1164 603 1385 680 praepositione

265 700 302 766 ἐκ
311 704 346 780 ¹):
369 708 440 767 Eur.
455 704 512 782 irg.
528 708 587 766 541
612 701 758 778 (Nauckit
780 685 872 782 ἡμεῖς
894 693 1105 778 ‹illicibiles›
1126 688 1219 764 παῖδ’
1242 696 1383 782 ἐρείσαν-

265 826 321 880 τες
342 800 436 886 πέέῳ
458 799 718 885 ἐξομματοῦμεν,
746 804 784 866 cl.
803 804 896 865 schol.
916 806 988 866 Eur.
1003 805 1115 867 Pboen.
1132 809 1184 867 61:
1214 799 1251 865 ἐν
1280 799 1316 865 δέ
1337 802 1386 884 τῷ

268 902 422 971 Οἰδίποδι
445 900 478 967 oi
499 901 609 968 Λαΐου
630 897 841 986 θεράποντες
862 897 1062 982 ἐτύφλωσαν
1084 892 1198 969 αὐτόν.

266 1059 268 1062 ,
351 1003 546 1088 ἐξοπλίζω
562 1012 686 1083 instruo,
708 1009 812 1087 suppl.
829 1012 903 1071 eol:
926 998 1161 1089 δακρυογόνον
1170 996 1243 1088 Ἄρη
1257 999 1344 1082 βοάν
1358 1005 1387 1068 τ’

266 1096 410 1195 ἔνδημον
432 1105 620 1189 ἐξοπλίζων
641 1118 671 1172 et
693 1131 721 1170 v.
737 1115 811 1174 710:
833 1104 916 1189 πρὶν
938 1101 1127 1188 ἐξοπλίζειν
1142 1099 1227 1190 Ἄρη.
1250 1142 1290 1153 -

350 1216 473 1277 Tertius
495 1214 580 1275 locus
602 1216 631 1274 in
655 1213 861 1275 controversia
884 1219 941 1273 est:
964 1211 1158 1290 Suppl.105:
1180 1207 1258 1284 βίαν
1281 1207 1310 1271 δ’
1331 1200 1387 1273 οὔ·

266 1313 330 1378 τιν’
357 1309 525 1394 ἐξοπλίζει
554 1314 606 1389 (sc.
628 1305 730 1388 Ζεύς).
776 1314 840 1388 „Ob
873 1333 906 1375 er
939 1314 1038 1392 gleicb
1068 1315 1121 1376 (ias
1149 1316 1303 1393 Rtstueug
1332 1315 1387 1376 der

266 1414 358 1482 Kraft
386 1419 469 1480 nicht
497 1417 617 1496 anlegt“
643 1417 807 1492 (Krusius).
850 1414 990 1479 Similiter
1018 1418 1233 1494 interpretatur
1256 1418 1387 1480 Weiiius

267 1521 327 1585 Sed
342 1520 542 1584 oueruickius
558 1523 650 1582 verba
664 1521 706 1581 ita
724 1520 857 1597 intellegi
879 1538 968 1598 posse
990 1520 1155 1581 rectissime
1176 1526 1275 1597 negat
1310 1521 1387 1581 Nam

267 1624 482 1696 tumfmedium
505 1628 755 1702 exspectaremus,
787 1628 820 1683 ut
841 1622 932 1683 anth.
953 1625 981 1694 ὅ,
1006 1624 1059 1684 98:
1090 1604 1244 1699 ὁπλίζου,
1266 1611 1388 1700 Κύπρι,

267 1717 367 1804 τόξα,
381 1731 411 1786 ei
432 1725 635 1803 metaphorice
657 1725 748 1802 Soph.
764 1725 808 1784 El.
825 1726 900 1786 996:
928 1729 991 1782 ποι
1016 1714 1077 1802 γάρ
1099 1718 1177 1783 ποτ’
1198 1715 1388 1801 ἐμβλέψασα

267 1824 427 1888 τοιοῦτον
456 1818 585 1906 θράσος
614 1817 698 1908 αὐτή
728 1820 765 1885 θ’
793 1812 922 1902 ὁπλίζει
944 1844 968 1885 a
984 1844 1013 1902 q.
1028 1843 1062 1898 a,
1091 1826 1140 1886 vel
1165 1825 1294 1886 medium
1321 1844 1387 1886 cum

269 1932 369 1993 dativo
392 1932 591 2011 coniunctum,
614 1934 647 1990 ut
663 1930 734 1989 Eur.
749 1929 856 1988 Bacch.
872 1932 945 1990 733:
976 1918 1009 1986 οί
1031 1921 1060 1987 δ’
1081 1913 1286 2005 ὀξυθήκτοις
1303 1937 1389 2003 cao·

268 2023 385 2113 γάνοις
406 2025 623 2110 ὠπλισμένοι.
661 2033 735 2092 Xen.
751 2030 819 2108 Oyr.
836 2033 865 2105 6,
878 2033 943 2106 4,4
964 2048 989 2089 e
1004 2047 1027 2089 a

354 2136 454 2213 Atque
485 2132 686 2196 Oberdickius
718 2132 836 2209 quidem
868 2130 1000 2193 correxit
1028 2124 1106 2204 βίον
1139 2123 1169 2189 δ’
1194 2119 1288 2202 οὔτις
1320 2121 1389 2207 ἐξο-

268 2231 391 2312 πλίζειε
416 2237 490 2309 „Dio
513 2235 614 2296 blacht
636 2232 811 2300 ‹ieertter
832 2234 1007 2294 entwaffnet
1029 2231 1200 2293 niemauti“.
1242 2232 1321 2294 Sanc
1344 2250 1389 2294 se·

271 2338 331 2399 mel
353 2337 513 2416 Appbeli.
528 2338 584 2397 civ.
606 2341 636 2415 2,
655 2339 708 2397 28:
741 2321 814 2395 οὐδ’
835 2327 1022 2410 ἐξοπλίζειν
1037 2329 1192 2420 μηΚαίσαρα
1214 2330 1388 2416 τῆς-στρα-

269 2435 343 2511 τιᾶς
357 2440 414 2500 bec
426 2438 549 2500 verbum
565 2437 782 2515 significatione
795 2437 969 2500 exarmaudi
980 2438 1142 2508 invenitur,
1157 2437 1209 2497 sed
1221 2437 1390 2514 Aeschylus

267 2543 344 2605 locis
366 2559 458 2620 supra
480 2541 600 2618 scriptia
622 2558 783 2618 numquam
805 2558 866 2601 non
890 2541 1011 2602 notione
1026 2541 1136 2601 usum
1151 2541 1252 2600 utitrn.
1285 2541 1390 2616 ltaque

270 2643 348 2704 facio
378 2660 444 2703 cum
474 2643 660 2714 Hermanno,
689 2642 741 2719 qui
771 2642 827 2702 hoc
857 2643 950 2702 verbo
979 2659 1103 2718 prorsus
1132 2641 1244 2703 reiecto
1274 2641 1390 2703 scribit:

270 2740 348 2819 βίαν
370 2738 399 2804 δ’
419 2730 511 2816 οάτις
532 2734 688 2821 ἐξαλάξει.

311 2925 314 2930 ¹
356 2838 580 2923 ἐξυπτιάζω
612 2849 767 2924 resupino,
801 2842 886 2924 Sept.
911 2852 988 2911 564:
1021 2838 1230 2922 ἐξυπτιάζων
1261 2835 1390 2927 bauai)

271 2953 367 3017 Etiam
390 2953 420 3013 in
445 2952 501 3013 hoc
524 2953 686 3030 composito
702 2955 926 3030 praepositione
941 2955 999 3015 uim
1015 2952 1100 3014 verbi
1116 2952 1257 3031 simplicis
1271 2962 1389 3015 auctam

272 3074 337 3116 esse
360 3059 444 3135 puto:
473 3037 648 3132 ὖπτιάζειν
669 3057 826 3116 transitive
850 3065 1025 3135 usurpatum
1048 3061 1107 3132 est,
1137 3063 1170 3117 ut
1196 3058 1330 3136 exempla
1353 3076 1390 3117 ex

271 3158 487 3237 posterioribus
502 3159 699 3237 scriptoribus
714 3163 831 3237 sumpta
847 3161 987 3234 omittam,
1009 3158 1099 3237 Soph.
1115 3160 1192 3221 Phil.
1207 3163 1281 3224 822:
1305 3149 1391 3239 κάρα

264 3245 467 3340 ,ὑπτιάζεται
487 3249 575 3323 τόδε.
600 3290 639 3302 -
662 3262 741 3323 Saue
763 3260 883 3338 quidem
907 3262 1114 3339 interpretatio
1138 3263 1225 3322 huius
1247 3261 1390 3337 Aeschyli

272 3364 330 3424 loci
352 3382 413 3424 non
436 3364 524 3442 plane
547 3369 630 3425 certa
652 3369 710 3424 est:
733 3363 786 3426 sed
804 3363 911 3424 Weiiio
927 3364 1046 3441 quidem
1067 3383 1127 3425 non
1153 3363 1317 3439 adsentior,
1338 3366 1389 3441 qui

271 3468 498 3544 interpretatur:
514 3449 701 3526 ἀντιτείνειν
716 3455 775 3536 τὰς
789 3450 906 3544 ὀφρῦς.
936 3465 1111 3527 Schuetaius
1126 3466 1264 3543 explicat:
1287 3468 1391 3528 oculos

271 3569 302 3628 in
325 3568 497 3645 Polynicen
518 3568 678 3631 reflectens
698 3586 721 3629 s.
744 3569 885 3646 resupino
907 3568 991 3629 vultu
1014 3563 1196 3647 ἐρευνηταί]

360 3767 382 3834 ¹)
399 3766 435 3821 de
453 3765 505 3821 huc
523 3767 629 3836 duplici
647 3765 853 3836 significatione
877 3765 912 3823 cf.
931 3765 1144 3823 Valckenarium
1167 3767 1246 3822 dicte
1264 3783 1292 3837 p.
1313 3771 1390 3824 19¹1a.

264 3894 270 3899 .
356 3852 459 3920 ’icosi
476 3852 511 3908 li.
529 3852 642 3909 exbibet
665 3845 772 3922 ὄνομα,
796 3854 871 3923 quod
890 3854 935 3909 vel
957 3859 1073 3923 proptor
1094 3858 1212 3908 metrum
1230 3860 1390 3923 corruptum

272 3943 324 3993 eat.
336 3936 427 3994 Sobel.
438 3930 639 4004 ἀναπτύσσων,
658 3931 844 4008 ἐτυμολογῶν
855 3939 979 4007 σσαοιολ,
990 3953 1062 4008 quas
1074 3938 1185 4007 quidem
1198 3937 1391 4006 interpretatio

264 4023 377 4093 ‚optimc
398 4024 435 4078 ad
454 4030 618 4093 sequentem
635 4039 747 4080 versum
771 4025 903 4092 quadrat:
926 4021 968 4088 δίς
985 4015 1010 4078 τ’
1029 4017 1061 4079 ἐν
1077 4015 1332 4091 τελευτῇ.τοένομ’
1350 4016 1392 4079 έ-

272 4104 457 4177 δατοάμενος,
475 4106 510 4164 cf.
530 4102 710 4175 ἐνδατοῦμαι.
1254 4155 1258 4165 .

357 4196 381 4261 θ)
398 4208 415 4246 a
432 4192 501 4248 viris
519 4193 610 4250 doctis
633 4191 787 4253 rectissime
800 4193 891 4252 illem.
903 4192 985 4251 Alex.
997 4192 1118 4265 Paedug.
1131 4198 1154 4262 3,
1172 4208 1200 4263 p.
1212 4196 1262 4250 aab
1279 4191 1391 4247 allatum
