3196 4792
232 154 273 213 24

229 321 352 381 notione
375 320 531 383 mordendi
552 323 619 399 lpsa
641 324 727 401 inest,
750 324 788 384 of.
804 324 876 385 Eur.
891 324 1013 403 Hippol.
1032 328 1126 387 1423:
1150 315 1186 383 αἳ
1207 317 1237 384 δ’
1258 316 1352 383 ἐνδα-

229 417 351 482 ιιοῦοαι
372 412 490 501 στόμια
513 427 544 484 et
565 425 900 488 Aeeoh.Prom.1041:
931 412 1046 486 δακών
1073 417 1108 486 δέ
1138 415 1277 504 στόμιον
1306 443 1354 496 ως

231 512 394 603 νεοζυγὴς
414 520 527 596 πῶλος
551 516 658 605 βιάζῃ.

315 617 548 706 ἐνδακρύω*
569 629 636 703 fleo,
659 633 762 708 Agam.
778 634 854 693 546:
876 617 955 690 ὥστ’
977 621 1174 709 ἐνδακρύειν
1188 624 1218 708 γ)
1233 616 1355 710 ὄμμασι

232 723 336 806 χαρᾶς
365 714 445 789 ύπο.
491 727 563 791 coo.
586 732 674 791 Fara.
705 732 755 799 (ex
786 749 901 792 reeens.
924 729 1072 805 Triolioii)
1103 730 1226 792 exhibet
1254 723 1355 790 ἐκδα·

231 819 359 908 κρύειν,
388 831 468 908 quod
499 838 680 909 reoeperunt
703 835 843 911 Eogerus
864 839 894 895 et
917 836 1116 906 Hermanous,
1146 834 1262 895 eollatis
1283 835 1356 895 loeis

232 934 402 1011 Euripideis
422 932 474 995 Or.
497 939 591 997 1122:
615 920 694 995 ὥστ’
708 927 924 1016 ἐκδακρῦσαί
938 932 975 1016 γ’.
1006 938 1120 999 Phoen.
1137 940 1228 1000 1353.
1258 937 1355 999 Ceteri

233 1035 363 1096 editores
375 1037 538 1097 rectissime
551 1043 749 1099 servaverunt
757 1039 882 1099 Medieei
895 1039 1007 1101 eodieis
1019 1041 1207 1118 seripturam.
1221 1038 1356 1100 Keokius

232 1138 450 1215 interpretatur
473 1139 682 1219 eompositamt
707 1141 787 1212 ,Der
809 1141 923 1202 Herold
945 1141 1042 1224 brieht
1064 1141 1147 1202 nieht
1168 1142 1198 1202 in
1213 1142 1356 1202 Thrasea

233 1258 296 1317 aus,
318 1238 449 1300 sondern
472 1241 643 1302 allmllhlieh
665 1241 733 1303 flllt
755 1243 818 1303 siah
839 1242 899 1302 ihm
923 1243 977 1303 das
996 1242 1083 1321 Auge
1106 1244 1159 1303 mit
1181 1230 1352 1304 Thrltneoss“

234 1341 389 1419 Argutius,
403 1352 499 1421 'quam
525 1344 637 1404 verius⁴
667 1344 829 1405 Praeterea
851 1343 915 1406 lieri
938 1364 998 1406 non
1022 1348 1131 1423 potest,
1151 1344 1186 1406 ut
1206 1344 1281 1406 haee
1295 1362 1357 1405 mu·

234 1446 298 1502 tata
327 1443 409 1503 notio
439 1444 554 1505 oriatur
584 1463 621 1504 ex
644 1463 727 1505 mera
750 1446 973 1523 praepositione
995 1437 1041 1505 ἐν.
1085 1445 1289 1507 Weekleinios
1318 1445 1357 1504 ad

233 1543 490 1621 interpretandum
521 1545 609 1606 affert
636 1547 708 1607 Eur·
731 1547 804 1608 Heo.
829 1551 905 1609 246:
933 1531 1011 1608 ὥστ’
1032 1540 1191 1607 ἐνθανελν
1221 1564 1258 1625 γε
1287 1551 1359 1617 σοις

234 1638 393 1705 πέπλοισι
421 1639 504 1726 χεῖρ’
534 1634 615 1727 ἐμὴν
646 1667 702 1727 pro
735 1633 822 1709 ὥστε
852 1649 974 1709 θανεῖν
1006 1641 1044 1708 ἐν
1075 1655 1146 1719 σοις
1175 1641 1327 1719 πέπλοις.
1335 1644 1359 1720 ¹)

235 1749 404 1809 Pasaowiue
438 1749 541 1811 vertit:
578 1750 740 1824 ,Thrlnen
774 1752 861 1813 dabei
895 1749 1084 1830 vergiessen‘
1124 1742 1174 1830 (ut
1205 1742 1359 1829 ἐμμειδιῶ

236 1850 312 1909 Xon.
327 1867 395 1926 eyn.
410 1852 440 1927 4,
462 1854 490 1921 3,
513 1839 719 1929 ἐναπόλλυμι
742 1852 816 1913 Xon.
832 1853 909 1913 Hell.
924 1855 953 1930 3,
978 1856 1005 1925 1,
1027 1856 1056 1925 4,
1087 1843 1360 1928 ἐναπολογοῦμαι

236 1950 374 2016 Aesehio.
392 1955 497 2033 1,122
520 1970 546 2013 e.
560 1950 605 2026 s).
628 1987 668 1998 —

321 2042 492 2132 Uteumpoe
512 2054 692 2133 iudicamus,
714 2057 909 2135 eompositum
933 2056 1078 2118 ubertatis
1100 2073 1192 2117 eausa
1214 2058 1244 2116 et
1265 2054 1360 2115 abun·

237 2154 345 2217 denter
357 2161 534 2233 usurpatum
546 2157 612 2219 esse
624 2160 655 2218 et
666 2159 795 2236 simplex
808 2158 911 2219 eodem
924 2158 989 2219 iure
1000 2157 1072 2236 poni
1085 2157 1218 2236 potuisse
1227 2160 1360 2234 apparet.

323 2241 600 2336 ivoavoopaop
622 2260 733 2335 divido,
756 2259 837 2337 Sept.
852 2263 926 2321 565;
951 2251 1000 2331 δίς
1022 2253 1052 2317 τ’
1073 2250 1110 2318 ἐν
1130 2254 1269 2335 τελευτῇ
1283 2244 1360 2317 τού·

239 2354 313 2437 νομ’
333 2350 578 2438 ἐνδατούμενος
601 2360 654 2436 (se.
677 2381 784 2423 nomen
807 2358 985 2438 Polynieis):
1007 2363 1106 2423 sohel:
1129 2353 1175 2432 εἰς
1197 2350 1257 2419 δύο
1281 2355 1361 2419 διαι-

239 2459 311 2541 ρῶν
333 2451 374 2522 τό
397 2448 512 2541 όνομα,
535 2452 575 2522 τό
597 2451 688 2523 πολύ
710 2458 766 2523 καὶ
788 2454 828 2523 τό
851 2469 970 2536 νεῖκος.

325 2566 402 2625 Tum
437 2565 583 2643 signifieat
616 2567 812 2644 compositum
846 2567 924 2628 idem
957 2572 1047 2644 atque
1080 2567 1214 2643 simplex,
1265 2565 1362 2625 Aliter

241 2667 367 2728 Weilios
389 2657 601 2727 ἐνδατεῖσθαι
623 2655 732 2747 όνομα
753 2651 791 2729 de
814 2667 932 2730 nomine
954 2687 1010 2746 pro
1033 2667 1168 2727 eonvieio
1184 2667 1262 2727 iaeto
1278 2682 1363 2726 usar·

143 2840 148 2845 ,
196 2772 199 2776 ’
240 2775 342 2847 patum
366 2788 431 2832 esse
454 2775 571 2849 eeneet‚
600 2789 675 2832 usus
697 2773 843 2850 exemplis
865 2773 936 2832 Eur
956 2771 1045 2832 Ηοια.
1064 2770 1121 2831 lar.
1137 2773 1212 2832 218·
1242 2757 1363 2847 λόγους

241 2858 467 2956 ὀνειδιστῆρας
495 2816 748 2954 ἐνδατούμενος
807 2874 866 2936 Sed
896 2874 988 2936 verba
1021 2867 1071 2944 δλς
1098 2867 1129 2932 τ’
1159 2863 1196 2931 ἐν
1226 2865 1365 2946 τελευτῇ

242 2999 367 3060 prorsus
389 3001 448 3043 non
471 2982 631 3059 quadrant.
637 2979 661 3054 3)
698 2981 832 3059 Aeeedit,
854 2980 935 3059 quod
959 2982 1107 3042 notionem
1124 2979 1277 3041 dividendi
1293 2998 1364 3040 eon-

241 3084 340 3145 firmat
361 3084 496 3146 eoholion
519 3084 608 3144 adv.
630 3088 705 3147 564:
735 3067 969 3159 ἀναπτύσσων,
998 3077 1252 3162 ἐτυμολογῶν),
1283 3083 1364 3160 quod

329 3270 351 3336 ¹)
368 3266 495 3323 Koolrius
519 3265 591 3321 hano
615 3265 767 3321 dlotionem
790 3261 926 3335 δακρύειν
950 3260 982 3321 ἐν
1005 3259 1116 3333 ὄμμασι
1139 3272 1255 3335 propter
1272 3268 1363 3317 tauto·

243 3353 346 3423 logiam
365 3368 421 3407 non
439 3349 582 3407 ferendam
594 3366 658 3407 esse
669 3357 747 3406 ratos
758 3351 879 3406 eorrexlt
896 3342 967 3405 δόσι)
984 3345 1153 3422 ἐνδακρύειν
1170 3348 1199 3420 γ’
1216 3343 1296 3417 ὄμμα
1314 3353 1365 3404 νῦν

243 3455 267 3495 e.
280 3457 308 3510 q.
319 3454 342 3495 s.
377 3438 434 3494 Sed
451 3437 589 3493 simillima
606 3437 761 3507 tautologia
777 3437 920 3492 invenitur
936 3434 1042 3493 Aeseh.
1054 3439 1131 3505 sept.
1143 3440 1205 3492 566:
1229 3429 1310 3506 λέγει
1334 3433 1364 3492 δὲ

244 3517 325 3581 τοῦτ’
343 3522 413 3588 ἔπος
430 3510 476 3578 διὰ
494 3518 589 3590 στόμα
607 3530 636 3578 et
652 3522 718 3577 Eur.
731 3521 775 3579 Or.
790 3526 854 3578 103:
873 3516 984 3597 ἀναβοᾷ
1002 3515 1047 3576 διὰ
1065 3516 1169 3590 στόμα.

330 3613 355 3681 ²)
373 3610 408 3665 de
431 3609 483 3665 hoo
506 3608 593 3664 verbo
616 3607 652 3664 of.
669 3608 873 3665 Blomlieldium
897 3608 932 3664 ad
956 3607 982 3664 h.
1002 3608 1027 3677 l,
1053 3608 1089 3664 de
1114 3612 1175 3664 toto
1198 3609 1258 3664 loeo
1275 3607 1366 3663 Reim-

243 3696 392 3763 soetlrlum,
409 3694 706 3765 wiederherstellung,
724 3710 751 3763 p.
763 3698 918 3750 leo-loo.

330 3785 354 3851 ⁸)
371 3781 489 3836 Weilius
507 3780 621 3849 porrigit
638 3780 724 3849 paulo
742 3780 856 3835 liberius
874 3777 916 3844 δλς
939 3771 1050 3850 γ’όντλ
1072 3774 1170 3848 λύμης·
1204 3777 1366 3833 Diodorfius

245 3868 315 3924 nihil
333 3872 423 3923 mutat
439 3873 469 3923 et
484 3866 700 3936 interpretatur:
718 3865 787 3921 ‘Hoe
804 3866 892 3936 igitur
910 3865 979 3920 dieit
991 3864 1116 3921 finivisse
1128 3864 1205 3918 illum
1217 3862 1368 3932 opprobria

247 3970 298 4010 sua
314 3953 515 4010 exclamatione
533 3943 556 4006 ol
575 3948 769 4020 Πολύνεικες,
785 3952 861 4021 quod
875 3951 996 4006 Weilius
1013 3957 1089 4006 reete
1106 3948 1248 4005 refutavit

332 4040 355 4110 ⁴)
374 4038 444 4094 hano
466 4037 586 4093 nominis
608 4037 804 4107 etymologiam
829 4042 939 4106 poetam
965 4042 1091 4091 seoutam
1114 4049 1178 4090 esse
1201 4049 1235 4089 ex
1258 4050 1284 4089 r.
1303 4038 1366 4088 815:

248 4124 435 4192 Πολννιικεῑς
452 4113 555 4179 ὤλοντ’
572 4116 674 4196 ασεβεῐ
689 4117 800 4197 διανολα
817 4121 917 4176 elueet
