3186 4810
237 249 277 307 38

236 415 301 491 Ego
324 434 391 476 eum
413 414 555 489 Todtio¹)
577 415 665 495 lanio,
694 418 744 494 qui
772 419 986 495 interpretatur
1018 423 1142 496 „postea
1172 418 1358 496 quiesoore“,

238 537 327 596 quam
350 518 469 595 quidem
492 520 643 581 notionem
666 539 703 580 ex
725 524 788 581 tota
810 520 958 582 sententia
979 522 1064 599 sequi
1091 540 1146 599 per
1174 539 1206 581 se
1235 518 1357 599 patet.²)

321 615 576 700 μετατέκτω*,
598 628 702 700 postea
724 625 818 702 pario,
840 624 945 701 Agam.
961 628 1035 686 756:
1057 614 1096 684 τό
1119 616 1273 700 δυσσεβὲς
1294 614 1357 703 γὰρ

238 713 338 802 ἔργον
358 713 443 802 μετὰ
463 718 525 803 μὲν
546 719 689 785 πλείονα
710 720 825 785 τίκτει.

321 818 535 905 μεταλχῶ*.

322 927 426 1005 Suppl.
448 930 523 990 410:
551 921 585 987 τί
612 916 719 988 τοῖνδ’
741 921 777 1003 ἐξ
804 921 882 989 ἴσου
904 920 1101 1008 ῥεπομένων
1121 928 1295 1008 μεταλχεῖς
1317 921 1358 989 τό

238 1024 370 1089 δίκαιον
394 1021 497 1110 ἔρξαις
520 1028 743 1105 Hermauunsil
766 1033 980 1110 interpretatur
1006 1038 1091 1109 „post
1113 1033 1226 1109 aliquid
1247 1032 1358 1110 dolore,

238 1132 268 1192 id
291 1133 341 1193 hio
363 1132 440 1194 idern
463 1133 527 1195 lere
549 1138 595 1195 est
617 1133 698 1212 quod
721 1134 903 1211 poenitere“.
939 1133 998 1195 Sed
1021 1153 1075 1194 rex
1098 1138 1265 1212 cunctatur,
1286 1154 1359 1196 non·

238 1235 306 1297 dum
329 1236 403 1298 feeit
425 1237 549 1314 aliquid,
572 1238 655 1298 ouius
677 1237 859 1315 paeniteret,
880 1239 981 1315 itaque
1004 1239 1115 1298 reotius
1138 1238 1277 1298 Weilius:
1310 1239 1358 1310 „in

238 1342 390 1416 posterum
415 1338 525 1416 dolere,
547 1338 656 1400 futuris
679 1339 778 1417 angi“.
823 1341 1023 1417 lit-quoniam
1048 1341 1242 1416 compositum
1263 1359 1359 1418 prope

236 1442 275 1501 ad
298 1442 448 1502 notionem
471 1428 586 1500 ὀκνεῖν
608 1443 748 1520 aooessit,
780 1442 899 1503 additus
921 1447 968 1502 est
992 1441 1166 1516 infinitivus,
1196 1460 1261 1502 oum
1292 1443 1358 1502 sim·

237 1545 306 1621 plex
328 1545 451 1605 verbum
474 1528 590 1623 ἀλγεῖν
612 1546 711 1622 potius
734 1563 800 1605 oum
822 1546 981 1624 participio
1005 1544 1215 1622 coniungatur.

322 1646 375 1705 ΙΙΙ.
409 1646 591 1723 praepositio
612 1628 697 1723 μετά
718 1650 802 1707 notat
823 1646 947 1708 actionis
969 1648 1170 1708 mutationem.

321 1735 557 1827 μεθαρμόζειν
580 1749 667 1810 aliter
688 1749 814 1827 adapto,
845 1751 943 1810 Pron.
966 1753 1042 1812 325:
1073 1743 1129 1808 καὶ
1149 1739 1359 1827 μεθάρμοσαι

237 1837 386 1930 τρόπους
414 1845 519 1922 νέους.
569 1852 697 1913 Ubertas
733 1853 877 1913 orationis
914 1852 1042 1914 effioitur
1070 1853 1163 1913 verbo
1192 1851 1358 1929 composito

239 1971 305 2013 oum
339 1953 486 2015 adieetivo
519 1948 616 2026 νέους
649 1954 823 2033 ooniunoto,
854 1957 917 2016 sive
947 1974 1014 2016 oum
1045 1954 1232 2016 Woolrlainio
1263 1947 1360 2024 νέους

237 2055 390 2134 prolepsin
411 2057 651 2134 interpretamur,
673 2058 736 2118 sive
759 2058 955 2135 compositum
978 2057 1140 2134 proverbe
1162 2055 1287 2133 simplici
1307 2074 1359 2133 po·

236 2159 324 2218 situm
347 2176 412 2220 esse
435 2157 597 2231 dicimus.⁴)

320 2258 533 2341 μεταχωρῶ
553 2261 584 2322 in
607 2262 697 2322 alium
721 2262 817 2323 loounr
838 2262 942 2340 migro,
964 2263 1173 2324 Prom.1093:
1195 2249 1277 2339 μετά
1298 2275 1360 2319 τοι

233 2348 366 2443 χωρεῖτ’
390 2356 427 2423 ἐκ
449 2358 557 2424 τῶνδε
580 2361 683 2434 θοῶς.

325 2467 376 2527 IV.
407 2452 490 2545 μετά
513 2466 663 2544 signifieat
684 2468 713 2528 in
731 2467 902 2545 compositis
925 2468 1053 2544 aliquem
1077 2467 1204 2528 alieuius
1226 2467 1270 2528 roi
1292 2485 1359 2544 par·

236 2570 357 2648 tioipenr
379 2586 452 2631 esse.

321 2666 468 2750 μετέχω
498 2672 651 2750 particeps
681 2690 755 2731 sum.
806 2673 931 2732 Duobus
964 2671 1038 2732 loois
1069 2671 1245 2748 significatio
1275 2671 1359 2731 verbi

238 2777 452 2837 corroboratur
467 2776 616 2837 vooabulo
638 2774 741 2836 addito
761 2768 870 2853 μέρος.
908 2776 1012 2852 Agam.
1028 2778 1102 2836 512:
1124 2759 1244 2833 θανών
1264 2766 1360 2851 μεθέ-

236 2879 308 2953 ξειν
330 2862 497 2952 φιλτάτου
520 2863 631 2953 τάφου
645 2871 756 2956 μέρος,
779 2881 809 2937 et
824 2876 896 2938 Cho.
912 2880 988 2939 290:
1010 2882 1081 2948 τοῖς
1096 2864 1266 2946 τοιούτοις
1281 2863 1361 2934 οὔτε

236 2976 404 3059 κρατῆρος
425 2973 525 3059 μέρος
547 2968 633 3039 εἶναι
654 2985 835 3057 μετασχεῖν.
857 3010 900 3021 -
923 2979 1061 3041 Ueterum
1092 2978 1171 3056 apud
1200 2980 1359 3039 lsooratem

237 3080 278 3158 (p.
294 3084 355 3144 216
363 3079 395 3156 d)
425 3086 455 3142 et
476 3081 596 3159 Lysiam
627 3080 669 3154 (in
693 3081 809 3143 Philon.
832 3078 897 3155 to)
927 3082 1031 3142 eadem
1057 3081 1178 3141 ubertas
1200 3079 1361 3140 invenitur.

732 3268 785 3330 Πα
808 3260 856 3330 αὖ

323 3377 345 3436 1.
378 3364 470 3456 παρά
493 3375 642 3453 signifieat
664 3375 694 3433 in
718 3268 889 3451 oomgosigis
912 3374 1009 3434 loounr
1033 3373 1081 3434 vel
1111 3372 1270 3444 hominem,
1301 3388 1360 3447 quo

238 3483 336 3539 motus
359 3477 512 3556 dirigitur:
837 3472 841 3479 ’

329 3715 350 3779 ¹)
367 3711 385 3765 1.
398 3711 416 3767 1.
434 3727 461 3779 p.
475 3715 517 3766 ιε.

323 3798 346 3861 ²)
373 3795 509 3850 Frannios
538 3794 569 3850 ld
597 3794 781 3863 compositum
811 3793 892 3849 reicit
921 3798 950 3848 et
985 3793 1092 3848 mavult
1120 3784 1363 3858 κατακοιμισθέν,

240 3880 446 3937 Valckenarius
464 3880 587 3936 oonieoit
604 3874 681 3950 μέγα
699 3873 863 3947 κοιμισθέν.

323 3968 347 4036 ¹)
365 3966 510 4022 Funokius
528 3968 545 4022 l.
559 3966 576 4020 l.
595 3984 621 4036 p.
637 3971 684 4021 155
703 3965 861 4021 assentitur.

323 4053 346 4123 ⁴)
365 4052 464 4107 similis
481 4052 661 4122 pleonasmus
679 4051 800 4107 ooourrit
817 4051 847 4104 ln
865 4050 930 4106 Bur.
942 4049 1003 4119 Iph.
1015 4046 1052 4104 A.
1067 4052 1124 4103 343.

322 4141 345 4209 ⁶)
364 4134 400 4194 oi.
415 4137 549 4207 Bauium,
576 4137 612 4193 de
629 4136 846 4210 praepositionis
864 4129 944 4210 παρά
962 4150 1024 4203 usu,
1042 4135 1071 4188 in
1091 4132 1180 4191 Curtii
1199 4132 1300 4189 studiis
1312 4132 1364 4206 111,

238 4239 265 4292 p.
279 4226 384 4280 1-98.
