3196 4792
1356 228 1375 292 3

206 422 209 427 >
255 391 401 474 cedimus,
424 401 522 458 tamen
545 395 626 474 apud
649 398 832 476 Aeschylum
856 399 981 476 saepius
998 399 1141 460 inusitata
1162 399 1310 477 quaedam
1333 400 1377 459 in·

255 500 429 577 veniuntur,
450 518 528 577 quae
552 519 612 561 non
634 518 753 578 semper
775 505 808 561 ut
830 505 973 578 corrupta
996 505 1067 561 sunt
1089 501 1249 563 reicienda.

776 663 860 732 Ανά.

340 790 362 849 Ι.
396 774 461 848 ἀνά
482 790 512 849 in
536 789 709 868 compositis
731 794 815 851 notat
837 792 996 852 motionem
1019 790 1056 851 ab
1079 789 1221 852 inferiore
1250 791 1315 851 loco
1338 791 1376 851 ad

254 891 452 968 superiorem,
489 893 672 969 potissimum
710 894 739 953 in
774 894 875 954 verbis
912 893 1059 970 querendi
1092 898 1123 954 et
1154 893 1377 971 ingemiscendi‚

256 994 366 1070 quibus
396 997 554 1072 perspicue
585 996 759 1075 depingitur
780 1016 885 1058 vocem
909 1017 946 1058 ex
968 997 1071 1057 intimo
1094 1000 1216 1076 pectore
1239 998 1376 1058 emissam

254 1097 284 1156 in
307 1097 443 1158 altiorem
466 1097 563 1157 locum
586 1097 763 1159 ascendere:

341 1183 573 1274 ἀνανωιιύω,
607 1184 958 1281 ἀναμυχθίζομαιῑ)
992 1201 1106 1276 (Prom.
1134 1197 1254 1273 769²»,
1287 1187 1378 1260 ἀνα-

254 1291 441 1380 στενάζω,
484 1296 694 1377 ἀναστένω,
736 1288 959 1382 άνοιμοάζω,
1001 1289 1247 1380 ἀνολολύζω,
1286 1289 1377 1364 ι’νο-

254 1393 416 1481 τστάζω.

339 1507 407 1567 Ηοο
430 1508 576 1568 accedunt
599 1492 819 1588 ἀνατρέφω,
842 1493 1126 1587 ἀναφαίνομαι,
1149 1492 1378 1586 ἀνευρίσκω.

340 1595 556 1670 άνατέλλωε
586 1611 666 1689 Sept.
691 1613 766 1672 522:
798 1600 928 1690 ταρφὺς
957 1598 1165 1670 ἀντέλλουσα
1196 1605 1285 1689 θρίξ.
1322 1612 1379 1672 Hic

255 1712 451 1789 compositum
481 1712 559 1772 idem
589 1713 672 1773 valet
701 1716 792 1789 atque
821 1714 956 1790 simplex.
999 1712 1110 1774 Contra
1140 1712 1197 1790 frg.
1218 1716 1289 1788 300,
1312 1711 1378 1786 lit:

255 1807 427 1892 Αἴγυπτος
441 1845 484 1856 -
502 1800 670 1896 Δήμητρος
693 1799 845 1875 ἀντέλλει
868 1804 993 1892 στάχυν
1012 1815 1139 1892 simplex
1154 1814 1379 1894 praepositione

255 1915 359 1977 addita
380 1917 506 1978 verbum
529 1916 716 1978 transitivum
740 1917 851 1978 factum
874 1915 959 1991 est.⁴)
995 1915 1136 1979 Similiter
1158 1935 1260 1979 resse
1289 1918 1380 1978 habet

257 2019 286 2079 in
310 2021 403 2081 verbo
1104 2084 1108 2089 .

341 2111 570 2201 έξαναβράω
592 2121 716 2194 ebullic,
746 2124 832 2183 Eum.
848 2125 921 2183 926:
952 2101 1004 2204 girv'
1026 2110 1091 2199 ἐγώ
1115 2111 1315 2201 κατεύχομαι
1336 2154 1380 2164 -

255 2212 453 2294 ἐπισσύτους
468 2218 545 2297 βίου
559 2209 661 2302 τύχας
676 2208 855 2302 ὀνησίμους
870 2217 965 2302 γαίας
980 2215 1214 2301 έξαμβρῦσαιῦ)
1235 2213 1381 2304 φαιδρὸν

259 2308 358 2384 άλίσυ
392 2319 500 2398 σέλας.
544 2328 621 2388 Nam
655 2327 874 2386 intransitivum
908 2313 1001 2404 βράω
1035 2326 1131 2386 evasit
1163 2326 1379 2402 compositione

249 2425 486 2503 >transilirent
508 2433 666 2506 praeterea
681 2430 841 2506 genetivus
864 2422 958 2506 γαίας
980 2426 1093 2506 pendet
1115 2447 1133 2488 a
1155 2427 1380 2505 praepositione

256 2519 292 2604 έξ
313 2529 398 2590 verbi
421 2529 617 2608 compositi.⁷)

340 2632 379 2692 ll.
413 2615 477 2691 ἀνά
499 2635 583 2693 notat
604 2633 634 2692 in
658 2631 828 2710 compositis
847 2635 956 2707 „retro
978 2648 1091 2708 rursus,
1113 2629 1252 2690 iterum“.
1289 2630 1380 2691 Notio

256 2734 469 2794 corroboratur
491 2735 642 2812 particula
663 2723 775 2794 πάλιν.

342 2821 620 2914 άνακαλοῦμαι
642 2854 761 2912 revoco,
783 2837 887 2911 Agam.
905 2837 999 2896 1006:
1029 2818 1151 2910 ἀνδρὸς
1172 2827 1278 2911 μέλαν
1301 2821 1379 2912 αἷμα

256 2930 306 3008 τίς
329 2922 373 2995 ἀν
392 2926 496 2996 πάλιν
518 2922 727 3016 ἀγκαλέσαιτ’
749 2929 928 3008 succiduum

342 3025 576 3119 ἀναστρέφω
608 3042 743 3117 reverto,
771 3039 913 3099 translate
942 3042 1056 3114 repeto,
1085 3040 1168 3099 Pers.
1191 3041 1264 3101 336:
1296 3022 1380 3116 άτάρ

255 3130 388 3219 φράσον
409 3159 467 3220 μοι
487 3125 581 3202 τοῦτ’
606 3126 814 3220 ἀναστρέψας
834 3130 950 3200 πάλιν.

342 3341 365 3405 ¹)
381 3339 417 3394 cf.
428 3338 503 3394 Todt
521 3339 538 3395 l.
556 3339 587 3394 l.:
609 3338 640 3392 in
657 3338 698 3393 eis
716 3351 788 3408 quae
807 3343 965 3408 sequuntur
982 3337 1127 3392 vocabulis
1147 3327 1224 3401 άααξ
1243 3329 1381 3407 εἰρημένα

256 3427 285 3476 et
302 3437 334 3475 ea
352 3422 453 3490 quibus
465 3423 628 3493 Aeschylus
640 3422 748 3491 primus
765 3437 834 3476 usus
847 3422 958 3476 videtur
976 3435 1039 3476 esse
1051 3421 1187 3476 asterisco
1200 3425 1267 3475 sunt
1278 3416 1380 3474 notata.

340 3509 364 3573 ί)
382 3507 466 3562 citavi
484 3523 584 3563 versus
602 3523 637 3562 ex
655 3509 699 3562 ed.
712 3506 987 3574 Vitelli-Wecklein,
1006 3507 1098 3561 2voll.
1110 3506 1193 3573 Berl,
1213 3510 1286 3560 1885.

341 3594 365 3658 ⁸)
381 3591 489 3660 Nauck,
507 3593 638 3662 tragicor.
651 3607 774 3661 graecor.
787 3590 952 3660 fragmenta,
970 3593 1047 3661 Lips.
1062 3596 1136 3648 1889.

341 3680 365 3744 4)
381 3677 418 3732 cf.
431 3677 555 3740 nannet,
573 3675 722 3732 Ansflihrl.
735 3678 827 3732 (iram.
841 3678 867 3732 d.
880 3677 985 3747 griech.
998 3676 1059 3746 Spr.
1077 3678 1093 3747 5
1105 3682 1165 3745 409,
1177 3681 1201 3731 8.

341 3764 364 3834 ὖ)
382 3762 443 3819 eod.
458 3762 494 3816 ll.
514 3756 694 3833 έξαμβρόσαι
714 3763 760 3816 vel
777 3769 893 3831 propter
909 3767 1027 3816 metrum
1046 3769 1216 3831 corruptum.
1252 3761 1380 3816 Panwius

255 3854 321 3916 apte
339 3848 468 3903 correxit.

340 3933 363 4003 ⁶)
382 3931 575 3988 Weckleinius
593 3936 747 3986 commotus
767 3930 903 4000 exemplis
921 3946 937 3984 a
954 3931 1096 3985 Lobeckio
1120 3931 1156 3985 ad
1174 3930 1223 3986 Αἰ.
1235 3935 1277 3984 lo.
1302 3947 1329 3999 p.
1348 3934 1380 3985 93

256 4018 348 4071 allatis
366 4033 420 4072 usu
438 4017 589 4073 transitivo
609 4016 727 4085 simplex
745 4021 774 4070 et
792 4016 974 4085 compositum
994 4010 1164 4086 έξαναβρύω
1187 4031 1244 4070 non
1270 4016 1381 4070 differre

256 4109 360 4159 censet
372 4102 428 4158 Sed
440 4104 530 4158 omnia
548 4101 675 4172 exempla
692 4107 805 4171 sumpta
822 4107 889 4156 sunt
906 4101 1136 4170 exscriptoribus
1149 4102 1261 4156 infimae
1272 4101 1381 4156 aetatis.

343 4189 366 4254 ἵ)
383 4183 418 4242 cf.
437 4186 555 4256 Krtlger,
573 4202 614 4256 gr.
627 4185 810 4255 Spraohlehre
827 4189 896 4254 W,
909 4188 950 4239 23.

1195 4284 1227 4340 1¹71
