3196 4792
1317 236 1359 296 41

121 465 124 473 Α
238 406 367 484 venitur,
397 410 478 467 certe
508 403 588 482 quod
618 406 712 482 magis
741 405 900 484 respicitur
929 405 1125 481 intervallum,
1155 404 1235 483 quod
1264 408 1361 465 exstat

239 511 316 570 inter
340 509 426 569 linem
450 512 480 568 et
503 527 579 584 eum,
602 509 654 584 qui
676 526 711 569 eo
734 509 893 587 pervenire
915 508 1005 584 cupit

324 689 546 773 apuleiam.

324 793 582 878 προτίθεμαι,
604 799 702 858 Prom.
718 800 796 858 255:
826 786 976 876 θνητοὺς
999 783 1028 856 d'
1047 789 1083 855 έν
1106 790 1211 876 οἴκτῳ
1234 792 1362 874 προθέ-

239 916 354 979 μενοςι
386 899 517 977 Simplex
547 902 576 959 in
599 900 753 959 simillimis
782 899 961 960 dictionibus
987 901 1059 976 poni
1081 900 1199 976 assolet,
1221 904 1254 960 ut
1276 900 1362 961 Pind.

241 1003 286 1066 01.
304 1006 420 1080 11‚63:
443 987 591 1079 ἀγώνιον
613 993 649 1059 έν
673 991 754 1083 δόξᾳ
776 995 919 1078 θέμενος
943 987 1048 1078 εὖχος,
1071 1002 1183 1062 Herod.
1198 1007 1274 1080 3,3:
1300 990 1363 1082 τὴν

242 1097 277 1163 δὲ
292 1148 318 1164 ..
332 1149 359 1164 ..
376 1097 413 1162 έν
435 1101 512 1181 τιμῇ
535 1099 676 1177 τίθεται,
699 1106 769 1164 Eur.
789 1105 861 1164 Hec.
878 1107 954 1166 789:
977 1091 1072 1162 ταῦτ’
1095 1091 1160 1163 οὖν
1183 1097 1221 1163 ἐν
1242 1097 1364 1183 αἰσχρῷ

241 1201 394 1285 θέμενος.
440 1207 637 1281 Quamobrem
654 1204 841 1278 Nauekiusll
865 1209 1061 1284 compositum
1084 1209 1170 1268 reicit
1192 1213 1223 1267 et
1244 1208 1363 1267 scribit:

334 1302 485 1391 θνητοὺς
522 1296 556 1368 d'
591 1303 629 1369 ἐν
664 1303 769 1389 οἴκτῳ
804 1303 946 1387 θέμενος
985 1294 1049 1368 εἶτ’
1087 1302 1206 1369 οἴκτου
1242 1315 1364 1387 τυχεῖν.

242 1413 446 1476 Weckleinius
477 1421 576 1475 autem
605 1414 755 1474 notionem
785 1413 980 1491 temporalem
1007 1413 1219 1490 praepositioni
1242 1413 1364 1477 subesse

242 1523 337 1595 putat,
360 1521 392 1577 ut
414 1517 577 1594 significet:
606 1505 774 1595 πρότερον
797 1510 966 1575 τίθεσθαι.
1011 1516 1068 1576 Sed
1092 1517 1218 1593 primurn
1241 1516 1364 1578 verbum

243 1622 300 1681 hoo
323 1638 413 1680 sensu
437 1637 583 1696 nusquam
606 1624 775 1696 usurpatur,
799 1618 907 1679 deinde
928 1619 994 1697 ipsa
1016 1618 1224 1695 interpretatio
1245 1637 1304 1679 uou
1324 1620 1366 1679 ita

242 1727 312 1800 apta
334 1727 380 1782 est
402 1722 440 1781 ad
463 1719 674 1794 seutentiam²)
699 1721 866 1781 verborum.
902 1723 1008 1799 ltaque
1028 1720 1105 1782 facio
1124 1740 1190 1781 enm
1210 1717 1366 1798 Mengiol),

244 1825 295 1902 qui
317 1818 546 1902 προτίθεσθαι
569 1842 594 1884 e.
610 1843 639 1900 q.
653 1841 677 1883 a.
698 1823 878 1883 locutionem
895 1824 1063 1899 graviorem
1085 1841 1150 1884 esse
1172 1842 1227 1900 pro
1242 1816 1366 1882 θέσθαι

244 1920 280 1986 ἐν
296 1920 401 2005 οἴκτῳ
424 1933 536 2004 censet,
557 1927 728 2005 quadratio
743 1928 860 2004 plenior
875 1932 962 1987 sonet
980 1925 1070 2000 („vcr
1084 1928 1148 1987 sich
1163 1927 1365 1997 binstellen“).

244 2030 382 2092 Ceterum
399 2029 436 2089 cf.
452 2029 542 2107 Sopb.
556 2031 602 2090 El.
620 2033 717 2093 1334:
739 2025 803 2089 νῦν
818 2015 848 2088 d’
859 2013 1033 2103 εὐλάβειαν
1048 2022 1156 2087 τῶνδε
1167 2016 1368 2109 προύθέμην

245 2122 321 2211 έχοά,
348 2133 400 2193 ubi
422 2134 617 2211 compositum
641 2132 744 2193 eodem
769 2132 857 2193 modo
880 2148 935 2209 pro
957 2132 1083 2209 simplici
1108 2137 1283 2210 usurpatum
1306 2134 1367 2191 est:

245 2235 335 2311 Soph.
357 2237 408 2295 Tr.
427 2238 525 2297 1265:
552 2224 702 2314 μεγάλην
723 2228 784 2313 μὲν
805 2227 879 2312 ἐμοὶ
901 2224 1034 2293 τούτων
1056 2228 1194 2313 θέμενοι
1220 2246 1368 2312 συγγνω-

245 2327 405 2417 μοσάνην,
428 2337 534 2398 Aesch.
550 2339 631 2398 Pers.
650 2341 725 2398 145:
747 2331 912 2416 φροντίδα
933 2326 1055 2418 κεδνὴν
1075 2332 1131 2396 καὶ
1146 2326 1368 2411 βαθύβουλον

245 2426 391 2517 θώμεθα
414 2459 438 2500 e.
454 2459 476 2500 s.

330 2532 546 2621 προῳεύχῳ
576 2543 725 2620 profugio,
759 2543 817 2619 irg.
841 2546 899 2605 69:
933 2536 1150 2620 μελανίππου
1181 2528 1368 2621 προφυγὼν

247 2636 335 2723 ἱερᾶς
358 2636 481 2716 νυκτὸς
503 2631 661 2724 άμολχον.

333 2819 368 2876 ll.
406 2819 486 2878 notio
510 2819 739 2895 praepositionis
762 2823 807 2879 est
829 2819 1016 2896 temporalis:

333 2914 592 2999 προθεσπίζει
606 2920 758 2998 praedico,
773 2922 951 2982 Prom.227:
966 2909 1006 2980 τὸ
1021 2914 1145 2999 μέλλον
1159 2903 1178 2998 ᾗ
1194 2914 1368 2998 κραίνοιτο

248 3008 540 3101 προάτεθεσπίκει.

334 3120 547 3204 προταρβῶ
577 3131 646 3186 ante
675 3128 779 3205 timeo,
811 3126 892 3203 Sept.
915 3131 992 3189 319:
1025 3121 1158 3204 βαρείας
1186 3142 1240 3185 τοι
1268 3114 1370 3202 τύχας

247 3225 439 3308 προταρβῶ.
476 3229 548 3290 Cum
573 3246 621 3288 res
643 3228 776 3290 timenda
802 3229 831 3288 in
855 3229 956 3290 futuro
979 3247 1097 3307 semper
1119 3230 1165 3306 sit,
1187 3229 1369 3306 praepositio

247 3321 315 3410 πρό
338 3338 400 3392 tum
425 3331 573 3409 propriam
598 3332 747 3408 quandam
771 3332 829 3390 vim
845 3332 943 3402 babet,
966 3334 990 3392 si
1007 3333 1103 3392 maius
1119 3336 1163 3392 est
1178 3331 1369 3391 intervallum

250 3437 401 3509 temperis.
444 3434 584 3495 Similiter
606 3434 686 3511 apud
711 3432 881 3510 Euripidem
906 3435 1100 3511 compositum
1120 3433 1262 3511 simplicis
1275 3434 1371 3493 instar

252 3534 378 3595 usitatur
401 3538 488 3597 Herc.
512 3537 567 3597 fur.
585 3541 656 3614 546,
668 3541 738 3613 968,
761 3536 817 3614 frg.
833 3541 905 3616 360,
917 3541 966 3600 25.
1002 3537 1091 3615 Apud
1108 3536 1286 3614 Sophoclem
1301 3537 1372 3599 Ant.

250 3638 307 3698 83:
328 3624 373 3714 μὴ
395 3628 478 3714 ἐμοῦ
499 3625 684 3719 προτάρβει
706 3643 736 3700 et
757 3641 809 3700 Tr.
824 3642 864 3702 89
887 3641 1069 3718 praepositio
1084 3628 1151 3719 πρό
1167 3640 1205 3700 ad
1220 3640 1371 3701 notionem

339 3872 356 3938 ¹)
375 3868 499 3924 Bulletin
517 3869 552 3924 de
571 3868 741 3924 l'Academie
762 3871 797 3925 de
816 3871 856 3926 St.
867 3871 1064 3940 Potersbourg,
1084 3876 1159 3940 1860,
1176 3887 1203 3939 p.
1216 3874 1274 3927 2⁰9.

336 3957 360 4020 ἴ)
377 3954 578 4022 Blomfieldius‚
595 3954 714 4008 Bothius
726 3961 841 4010 vertunt
853 3955 1002 4025 praeferre,
1019 3957 1177 4012 Passowius
1198 3957 1274 4023 ,sich
1285 3963 1372 4012 etwas

252 4056 300 4095 nur
312 4037 447 4109 Aufgabe
459 4040 601 4107 macben‘‚
618 4043 714 4093 contra
726 4055 807 4107 quem
820 4041 963 4097 Nauokius
980 4047 1058 4097 recte
1071 4041 1140 4097 dicit
1151 4042 1310 4112 exspectari
1327 4057 1371 4101 ac·

251 4126 409 4182 cusativum
428 4118 535 4182 οἴκτον.

336 4216 359 4277 ³)
376 4212 394 4267 l.
406 4213 423 4267 1,
441 4228 469 4285 p.
482 4216 523 4266 37.
