3196 4792
1313 190 1460 263 ιε,

237 362 346 419 verunt
376 356 542 431 Keekius1)
575 362 605 419 et
634 354 879 431 Weckleinins.²)
934 360 979 419 Ex
1012 359 1122 436 quibus
1154 357 1358 420 Weckleinins

238 461 338 538 aptius
360 479 432 521 sane
456 460 493 520 ad
516 466 636 521 sensnm
657 460 827 521 iudicialem
843 459 975 539 scripsit:
997 452 1021 519 ἐ.
1036 477 1071 519 τι.
1088 445 1168 540 τῷδ’
1184 452 1242 520 ald.
1266 449 1358 540 λόγῳ

237 581 263 624 ο.
277 583 306 639 q.
321 581 352 636 a,
375 562 499 640 etquid
521 563 576 624 aibi
599 563 672 623 velit
694 555 924 642 ἐκμαρτυρεῑν,
947 563 1112 624 tentissime
1131 563 1359 638 interpretatur:

240 667 411 743 „Benenge‚
442 665 512 726 dass
535 665 574 726 du
597 662 645 725 die
667 666 746 726 alten
769 665 878 726 Frerel
900 665 998 726 dieses
1020 665 1138 726 Hanses
1160 683 1214 725 aua
1246 664 1359 725 meiner

237 768 320 830 Rede
344 769 401 829 wie
423 787 484 829 von
507 769 590 851 einer
605 768 822 847 Angennengin
845 767 986 828 erfahren
1009 767 1106 828 haat“.
1142 768 1250 844 Neque
1272 767 1359 828 aliter

132 934 135 940 ⁴
238 871 349 932 ohorus
371 870 444 932 dieit
540 864 705 948 λέγουσαν
726 856 843 949 ὥσπερ
862 863 892 929 εἰ
910 873 1143 948 παραστατεῖς.
1181 869 1239 930 Sed
1264 869 1360 930 omnia

238 973 314 1035 haee
345 974 551 1052 interpretatio
586 973 717 1034 notionis
752 964 958 1052 ἐκμαρτυρίαι
994 977 1108 1034 tantum
1147 975 1212 1033 orta
1239 975 1290 1032 est
1322 990 1360 1032 ex

239 1076 368 1137 lectione
391 1079 504 1136 mutata
526 1094 625 1153 neque
649 1075 789 1154 quadrat,
811 1076 837 1135 si
858 1077 1010 1153 sequimur
1032 1074 1145 1136 codicis
1167 1074 1360 1151 scripturam:

236 1168 279 1237 τό
301 1161 335 1256 μ’
358 1169 479 1265 εἰδέναι
503 1204 554 1239 ...
599 1180 706 1257 ltaque
728 1178 810 1240 lanio
833 1197 900 1240 oum
921 1177 1048 1254 Keolrio‚
1071 1179 1123 1256 qni
1146 1176 1261 1238 soribit:
1284 1167 1309 1235 ἐ.
1325 1192 1359 1234 ιι.

238 1269 278 1339 τό
307 1266 341 1357 μ’
358 1272 491 1340 ἐἐύέναι
519 1270 626 1361 admi)
656 1299 682 1342 e.
701 1300 730 1358 q.
753 1299 788 1341 a:
823 1278 914 1353 „dieb
942 1280 998 1340 mit
1020 1280 1068 1340 ein
1090 1272 1199 1340 eidliolr
1222 1279 1363 1357 Zengnis,

240 1382 310 1443 dass
347 1382 442 1445 durnh
472 1382 673 1445 Geisteskratt
710 1384 766 1443 mir
798 1383 1014 1445 wohlbekannt
1048 1383 1087 1444 ist
1116 1382 1215 1443 dieses
1243 1382 1361 1443 Hanses

240 1487 302 1547 alte
324 1484 466 1547 Sohuld“.
593 1524 594 1529 κ

325 1578 554 1667 &spanedat
577 1591 716 1666 exquiro,
740 1590 822 1650 ldum.
843 1593 918 1651 247:
949 1571 995 1658 ὡς
1016 1578 1110 1648 κύων
1132 1577 1254 1667 νεβρὸν
1275 1576 1360 1667 πρὸς

240 1679 319 1770 αἷμα
341 1685 398 1750 καὶ
420 1680 613 1770 σταλαγμὸν
627 1682 866 1770 ἐκματεύομεν,
889 1691 927 1752 el.
941 1693 1046 1769 Agam.
1063 1695 1144 1754 1097
1150 1706 1158 1750 :
1180 1681 1316 1769 ματεύει
1332 1676 1362 1749 d'

241 1793 281 1868 (r.
299 1798 381 1857 1078
404 1779 507 1865 κυνὸς
530 1788 640 1875 δίκην)
662 1776 713 1854 niv
736 1779 910 1877 ἀνευρήσει
931 1784 1051 1871 φόνον.

326 1886 588 1957 ἐκτολυπεύω
620 1896 730 1970 efficio,
759 1897 864 1976 Agam.
893 1901 987 1960 1017:
1021 1884 1120 1956 οὐδὲν
1150 1888 1363 1983 ἐπελπομένα

211 1981 325 2060 ’ποτέ
362 1993 496 2077 καίριον
528 1990 793 2084 ἐκτολυπεύσειν.
849 1998 981 2079 Simplex
1014 1997 1117 2062 eadem
1147 1999 1363 2077 signifieatione

242 2104 392 2163 invenitur
414 2105 500 2163 Hom.
514 2104 548 2163 ll.
565 2107 613 2180 14,
629 2106 683 2165 86;
711 2090 800 2163 ολσιν
827 2090 892 2182 ἄρα
914 2092 997 2174 Ζευς
1019 2095 1056 2161 ἐκ
1078 2091 1237 2182 νεότητος
1259 2092 1363 2162 ἔδωκε

238 2199 298 2262 ’καὶ
320 2196 354 2276 ἐς
374 2201 475 2286 γῆρας
496 2197 699 2266 τολυπεύειν
721 2191 905 2284 ἀργαλέους
927 2198 1105 2284 πολέμους.

329 2308 478 2367 lnoortnm
502 2312 548 2368 est
570 2308 607 2368 de
630 2307 722 2368 verbo
745 2299 998 2386 ἐξαγέζομαι*
1021 2306 1176 2367 indicium:

327 2410 431 2487 Agam.
447 2414 522 2473 646:
544 2408 683 2482 πολλοῖς
706 2403 742 2469 δὲ
763 2405 905 2470 πολλῶν
925 2402 1161 2488 ἐξαγισθέντας
1181 2399 1295 2487 δόμων
1312 2396 1365 2467 ἄν·

247 2506 327 2589 δρας
348 2504 450 2589 διπλῇ
471 2501 611 2597 μάστιγι.

329 2597 406 2675 Nam
431 2614 649 2693 Blomfieldins,
677 2617 861 2692 Katamana,
888 2615 1129 2689 Schneidewinns
1152 2612 1366 2692 praepositioni

244 2708 281 2775 ἐκ
317 2717 376 2777 vim
413 2717 536 2779 looalem
574 2717 763 2778 tribuendam
803 2736 868 2778 esse
905 2723 1029 2778 consent
1071 2722 1161 2794 atque
1177 2709 1178 2713 ’
1196 2717 1366 2776 Karstonus

244 2818 388 2895 exemplis
409 2823 550 2879 aoonrate
571 2819 669 2880 allatis
692 2819 770 2879 hano
791 2838 875 2879 suam
899 2819 1172 2896 interpretationem
1196 2817 1366 2879 confirmat:

248 2937 282 2992 „e
311 2921 413 2980 multis
442 2920 577 2982 domibus
605 2925 709 2999 raptos
739 2927 769 2982 ot
798 2939 873 2998 rogo
903 2918 1090 2993 traditos“.⁶)
1140 2921 1290 2982 Assensns
1321 2924 1367 2980 est

235 3020 433 3094 ·Dindorfins‚
464 3022 600 3084 Weilius.
654 3023 766 3085 Contra
788 3024 979 3085 Hermannus
1008 3013 1245 3101 ἐξαγισθέντας
1279 3042 1367 3095 „oon-

244 3129 388 3196 aeomtm,
418 3125 543 3186 devotos
573 3124 685 3202 duplici
708 3126 811 3186 Martis
842 3124 981 3202 flagello“
1015 3126 1148 3202 intellegi
1178 3125 1254 3198 vult,
1286 3124 1367 3201 quod

244 3228 341 3304 ipsum
365 3228 491 3305 simplex
514 3245 635 3306 quoqne
659 3227 819 3305 signifieat:
841 3228 912 3288 Eur.
930 3228 993 3289 Alo.
1009 3231 1062 3289 76:
1084 3216 1172 3305 ἱερὸς
1186 3215 1249 3306 γὰρ
1265 3207 1368 3298 οὗτος

245 3324 317 3387 τοῖιν
345 3318 431 3388 κατὰ
457 3319 586 3408 χθονὸς
615 3324 709 3390 θεῶν
739 3317 821 3390 ὅτου
851 3313 923 3389 τόδ’
953 3320 1048 3408 ἐγχος
1081 3312 1210 3416 ἆγνέσγγ
1230 3323 1334 3408 τρίχα.
1343 3326 1368 3401 ⁰)

247 3431 352 3508 ltaque
383 3450 442 3493 non
474 3449 552 3511 nego
575 3427 718 3494 Karsteni
741 3414 915 3494 sententiam
940 3431 1062 3494 delendi
1087 3450 1189 3509 posse,
1218 3430 1368 3494 sedller

247 3562 452 3572 -----.-.

336 3643 356 3713 ¹)
373 3643 401 3696 in
418 3656 516 3698 nomm.
527 3660 556 3713 p.
569 3649 627 3700 397.

325 3729 353 3798 ³)
371 3724 491 3784 Studien
509 3744 544 3783 au
562 3713 713 3800 ischyras,
731 3744 758 3798 p.
773 3733 926 3798 las-2139.

331 3815 354 3882 ⁸)
372 3805 452 3888 λόγῳ
470 3814 548 3869 solus
566 3813 803 3881 Naegelsbaehins
819 3816 1035 3884 interpretatur:
1057 3813 1122 3882 „hae
1140 3829 1202 3869 mea
1219 3815 1369 3870 oratione“.

332 3899 355 3968 ¹)
373 3897 436 3953 ood.
454 3899 489 3953 ll.
508 3893 736 3966 ἐκμαστεύομεν,
761 3914 832 3953 eorr.
850 3893 1028 3954 Dindorfius:
1054 3898 1112 3954 vid.
1127 3899 1315 3954 Hermannum
1333 3900 1370 3954 ad

247 3982 352 4051 Agam.
366 3987 441 4039 1058.

333 4069 355 4138 ⁶)
374 4083 441 4123 sane
458 4068 571 4138 quidem
591 4067 743 4124 scholiasta
759 4069 888 4126 adnotat:
907 4062 1122 4141 ἐξορισθέντας.

331 4155 355 4220 ⁶)
374 4150 410 4208 ef.
430 4152 636 4207 Weckleinium
654 4155 681 4207 in
699 4154 752 4222 od„
770 4155 818 4223 qui
837 4154 938 4208 similia
955 4154 1083 4223 exempla
1099 4154 1187 4208 affert.

1184 4256 1216 4308 ᾖ*
