3196 4792
1351 198 1370 257 9

336 364 588 450 διαμείβομαι
618 390 761 450 peragro,
789 373 889 438 Prom.¹
910 375 984 435 301:
1013 355 1086 453 ἥκω
1115 365 1249 452 δολιχῆς
1269 363 1372 449 τέρμα

249 464 418 533 κελεύθου
434 463 691 553 διαμειψάμενος
706 463 791 553 πρός
807 485 859 534 oe:
879 473 1055 536 Dindorfirrs
1070 473 1232 534 rectissime
1247 472 1372 534 adnotat

249 575 408 637 dicendum
430 576 521 638 fuisse
542 570 712 636 κέλευθον
736 563 992 656 διαμειψάμενος
1014 576 1065 650 (ef.
1080 577 1158 653 Sept.
1175 579 1245 647 521,
1268 574 1371 654 Suppl.

250 681 320 751 552,
343 678 400 757 frg.
418 676 499 751 150),
522 680 638 740 ratione
661 682 757 741 autem
775 680 877 740 habita
892 680 978 740 verbi
993 665 1066 759 ἥκω
1081 683 1200 755 poetam
1216 678 1371 755 scripsisse

251 774 354 858 τέρμα
376 766 556 839 κελεύθου.
600 781 724 841 Poterat
755 782 844 841 etiam
874 781 1000 858 simplex
1023 780 1146 841 verbum
1177 780 1262 857 poni,
1290 778 1370 856 quod

249 881 371 942 notione
393 880 582 958 ingrediendi
604 883 723 959 saepius
738 885 916 960 usurpatur:
938 881 1011 944 Cho.
1026 884 1102 944 963:
1123 869 1208 957 τάχα
1231 873 1267 938 δὲ
1289 896 1370 939 παν·

249 968 348 1065 τελὴς
375 972 498 1061 χρόνος
527 968 702 1062 άμείψεται
731 974 893 1062 πρόθυρα
926 972 1107 1061 δωμάτων,
1140 987 1170 1043 et
1197 983 1256 1042 iam
1284 983 1371 1043 Hom.

250 1086 305 1149 Od.
330 1089 380 1164 10,
403 1088 478 1148 328:
508 1071 546 1157 ός
574 1103 612 1145 κε
633 1080 694 1164 πίψ
716 1080 773 1146 καὶ
794 1082 936 1166 πρῶτον
958 1070 1132 1164 ἀμείψεται
1154 1073 1252 1163 ἕρκος
1273 1068 1371 1144 όδόν-

249 1204 321 1247 των
342 1186 398 1261 (ευ.
413 1177 595 1265 φάρμακα).

335 1290 389 1350 Vis
411 1291 644 1369 praepositionis
666 1290 756 1350 faeile
779 1297 908 1369 apparet
930 1293 960 1350 in
983 1291 1075 1350 verbo

336 1385 532 1471 διατέμνω
553 1410 686 1470 permeo,
707 1392 811 1470 Suppl.
826 1395 902 1454 554:
925 1386 998 1470 διχῇ
1020 1377 1050 1450 δ’
1067 1376 1255 1469 άντίπορον
1274 1395 1374 1468 γαῖαν

250 1486 287 1554 ἐν
319 1487 395 1576 αίσᾳ
424 1488 647 1573 διατέμνουοα
675 1484 787 1571 πόρον
807 1489 972 1573 κυματίαν
995 1481 1106 1572 ὁρίζει.
1151 1494 1321 1554 Passowius
1343 1498 1374 1555 et

251 1597 364 1675 Papius
386 1614 409 1656 s.
424 1616 452 1657 v.
474 1598 662 1674 coniungunt
685 1589 872 1674 διατέμνειν
894 1617 960 1659 eum
984 1589 1068 1674 διχῖμ
1091 1600 1152 1656 tum
1175 1597 1297 1656 ubertas
1312 1597 1372 1655 ‹lie-

251 1700 340 1761 tionis
371 1698 566 1760 coneedendo
587 1705 639 1760 est.
677 1698 735 1759 Sed
766 1699 877 1760 reetius
907 1698 1036 1760 editores
1067 1690 1254 1775 διατέμνειν
1283 1716 1372 1758 sensu

251 1800 454 1878 metaphorice
470 1801 528 1860 diei
550 1801 704 1878 adnotant,
725 1805 758 1862 ut
779 1802 816 1862 sit
841 1800 1079 1877 „transnatare“,
1101 1818 1167 1861 eum
1190 1799 1372 1877 praepositio

251 1921 305 1965 suo
320 1902 383 1963 iure
398 1904 496 1980 posita
511 1904 562 1964 sit:
588 1903 794 1977 ,disterminat
815 1898 900 1982 (διχῇ
923 1890 1078 1981 epigram,
1100 1907 1197 1963 terras
1220 1902 1373 1978 oppositas

251 2004 414 2067 seeundum
437 2004 529 2067 fatum
552 2005 631 2067 freto
654 2007 800 2067 maritimo
823 2003 997 2066 transnato“
1023 2002 1183 2079 (Weilius).

336 2100 497 2185 διοιχνῶ
524 2125 659 2184 parmae,
690 2109 777 2170 llum.
800 2111 875 2170 316:
906 2094 1023 2187 άσινὴς
1045 2092 1075 2165 δ’
1098 2098 1203 2165 αίῶνα
1226 2099 1372 2185 διοιχνεῖ,

250 2208 362 2270 ubivis
383 2208 615 2286 praepositionis
638 2211 734 2271 oritur
757 2210 859 2271 addito
881 2211 1052 2271 aoeusativo
1075 2210 1233 2286 temporali
1256 2200 1371 2268 αἰῶνα.

290 2380 292 2385 ,
337 2300 551 2390 διόρνυμαι
573 2313 732 2389 permigro‚
753 2313 857 2391 suppl.
873 2316 948 2375 561:
970 2306 1026 2371 καὶ
1049 2294 1097 2370 δι’
1113 2296 1205 2391 όρων
1221 2305 1372 2370 Κιλίκων

251 2406 461 2491 Παμφυλίαν
482 2431 519 2473 τε
542 2408 764 2493 διορνυμένα.

336 2517 373 2576 ll.
407 2505 629 2578 &coactionem
652 2536 706 2596 per
728 2535 830 2579 omnes
852 2521 953 2594 partes
975 2515 1187 2595 perficiendam
1215 2512 1374 2592 signifieat,

251 2619 293 2679 ita
316 2623 349 2679 ut
371 2619 547 2697 simplicium
570 2621 615 2680 vis
637 2625 798 2697 augeatur:
1288 2694 1292 2702 .

338 2711 555 2795 διαπάλλω,
579 2716 796 2800 διαπρέπω,
820 2715 1058 2798 διαφθείρω,
1083 2710 1278 2798 διόλλυμι.

338 2814 634 2903 διαθρύπτομαι
655 2827 805 2903 superbio,
827 2827 925 2886 Prom.
941 2826 1015 2885 918:
1046 2819 1118 2881 τῶν
1138 2811 1281 2901 πλούτῳ
1304 2817 1375 2882 διαι

252 2923 518 3007 θρυπτομένων·
550 2931 684 2991 similiter
719 2930 844 3007 simplex
879 2930 1030 2990 invenitur
1060 2928 1150 2989 Anth.
1174 2931 1202 3004 7,
1224 2929 1294 2998 218,
1315 2926 1373 2988 td:

250 3028 363 3112 χρυσῷ
379 3063 419 3073 -
434 3027 676 3113 θρυπτομένην
690 3064 731 3076 -
747 3024 822 3111 ἔχω,
845 3038 875 3093 et
896 3032 976 3110 apud
997 3032 1137 3109 Eupolin,
1159 3029 1253 3091 Bekk.
1269 3029 1372 3091 arreod.

252 3155 281 3213 p.
296 3140 350 3199 43:
380 3120 588 3218 ούραῖζομένη
609 3133 666 3197 καὶ
688 3121 916 3216 θρυπτομίιοχ.

339 3229 626 3318 διαμαθύνωη)
657 3241 765 3317 perdo,
799 3242 905 3319 Agam.
927 3244 1001 3303 815:
1032 3226 1138 3299 πόλιν
1167 3228 1373 3319 διημάθυνεν

253 3342 477 3421 ef.11.9,593:
503 3333 606 3403 πόλιν
628 3338 667 3403 δέ
686 3361 723 3403 τε
745 3340 814 3423 πύρ
839 3328 1015 3423 άμαθύνει.
1037 3373 1081 3386 -
1103 3344 1160 3420 frg.
1177 3346 1251 3405 244:
1274 3331 1373 3414 κύνες

253 3434 465 3524 διημάθυνον
487 3436 663 3528 δεσπότην.

250 3656 337 3731 μόγις
359 3662 459 3734 πολλῷ
483 3656 580 3735 πόνῳ,
606 3677 687 3730 quem
712 3663 869 3729 molestiae,
896 3662 984 3718 studii
1008 3669 1037 3718 et
1058 3663 1161 3718 laboris
1184 3663 1372 3732 signifieatum

252 3746 415 3816 compositis
433 3746 549 3801 adderet
565 3761 650 3815 saepe
668 3748 840 3818 praepositio
859 3742 900 3804 ἐκ.
925 3779 959 3788 -
982 3748 1038 3803 Sed
1062 3749 1091 3802 in
1109 3748 1162 3804 hoe
1180 3750 1268 3804 verbo
1286 3750 1372 3804 eundi

253 3826 288 3888 ἐκ
313 3847 414 3887 meram
438 3833 552 3887 looalem
576 3831 808 3900 significationem
831 3833 933 3888 habere
958 3841 1028 3902 puto
1046 3840 1075 3889 et
1091 3839 1197 3889 tantum
1215 3834 1372 3890 eoniunetls

253 3917 391 3972 similibus
409 3916 675 3986 praepositionibus,
694 3931 766 3985 quae
785 3932 835 3985 per
853 3932 884 3972 se
901 3918 928 3970 in
943 3918 1030 3972 verbo
1042 3922 1135 3988 περᾶν
1147 3933 1372 3987 supervaoaneae

253 4003 384 4058 videntur
402 4017 474 4068 esse,
492 4002 564 4057 hano
581 4002 724 4057 molestiae
742 4003 884 4057 notionem
902 4003 1028 4058 evasisse
1046 4005 1179 4059 eoneedo.

339 4092 358 4153 ¹)
376 4085 412 4142 of.
424 4087 632 4154 Oberdiekium,
644 4087 680 4142 ad
693 4088 718 4144 h.
730 4089 748 4144 l.
757 4088 917 4143 Passowius
929 4079 1038 4158 ὁρίζειν
1049 4089 1134 4144 vertit
1144 4090 1372 4160 ‚‚durehsegeln“.

339 4176 363 4240 2)
379 4172 492 4245 proprie
510 4173 554 4243 „ln
572 4171 724 4244 pulverem,
742 4174 862 4233 cinerem
879 4174 990 4243 redigor
1009 4166 1157 4243 (ἄμαθος).
